
    <record>
      <header>
        <identifier>oai:alma.34CSIC_INST:990013500650204201</identifier>
        <datestamp>2022-07-01T05:01:55Z</datestamp>
        <setSpec>manuscripta</setSpec>
        <setSpec>csic-bibliografico</setSpec>
      </header>
      <metadata>
        <record xmlns="http://www.loc.gov/MARC21/slim" xmlns:xsi="http://www.w3.org/2001/XMLSchema-instance" xsi:schemaLocation="http://www.loc.gov/MARC21/slim http://www.loc.gov/standards/marcxml/schema/MARC21slim.xsd">
          <leader>08516ntm a2200697 i 4500</leader>
          <controlfield tag="005">20220609123406.0</controlfield>
          <controlfield tag="008">100802n                      000 0 ara d</controlfield>
          <controlfield tag="001">990013500650204201</controlfield>
          <datafield tag="035" ind1=" " ind2=" ">
            <subfield code="a">CSIC001350065</subfield>
          </datafield>
          <datafield tag="035" ind1=" " ind2=" ">
            <subfield code="a">(ES-MaCSI)001350065MAD01-Aleph</subfield>
          </datafield>
          <datafield tag="035" ind1=" " ind2=" ">
            <subfield code="a">(OCoLC)1123833540</subfield>
          </datafield>
          <datafield tag="100" ind1="1" ind2=" ">
            <subfield code="a">Ibn Jaldūn, `Abd al-Raḥmān b. Muḥammad</subfield>
            <subfield code="d">(1332-1406).</subfield>
          </datafield>
          <datafield tag="245" ind1="1" ind2="0">
            <subfield code="a">مقدمة‭</subfield>
            <subfield code="h">[‭Manuscrito]</subfield>
          </datafield>
          <datafield tag="260" ind1=" " ind2=" ">
            <subfield code="c">[S. f.].</subfield>
          </datafield>
          <datafield tag="300" ind1=" " ind2=" ">
            <subfield code="a">151 f. con guardas sólo al final (de los cuales el primero y el último f. están sin foliar) ;</subfield>
            <subfield code="c">23,3 x 13,3 cm (caja: 17 x 7,5 cm).</subfield>
          </datafield>
          <datafield tag="490" ind1="1" ind2=" ">
            <subfield code="a">Manuscripta</subfield>
          </datafield>
          <datafield tag="546" ind1=" " ind2=" ">
            <subfield code="a">Arabe</subfield>
            <subfield code="b">Escritura nasjí</subfield>
          </datafield>
          <datafield tag="500" ind1=" " ind2=" ">
            <subfield code="a">Título transliterado: Muqaddima</subfield>
          </datafield>
          <datafield tag="500" ind1=" " ind2=" ">
            <subfield code="a">Título tomado de fuente externa</subfield>
          </datafield>
          <datafield tag="500" ind1=" " ind2=" ">
            <subfield code="a">Distribución: 1 col. Tiene 27 líneas por página. Otras varían desde 22 a 26 líneas.</subfield>
          </datafield>
          <datafield tag="500" ind1=" " ind2=" ">
            <subfield code="a">Material: Papel</subfield>
          </datafield>
          <datafield tag="500" ind1=" " ind2=" ">
            <subfield code="a">Tinta: Negra y roja</subfield>
          </datafield>
          <datafield tag="500" ind1=" " ind2=" ">
            <subfield code="a">‪Incipit: ومن الحكايات المدخولة للمورخين ما ينقلونه كافة في سبب نكبة الرشيد للبرامكة من قصة العبّلسة اخته مع جعفر بن يحيى بن خالد مولاه</subfield>
          </datafield>
          <datafield tag="500" ind1=" " ind2=" ">
            <subfield code="a">‪Explicit: وينتهي ذلك الى حدود الثلثين بعد الثمان مأية لانّا اذا حملنا على ألاربع ماية والسّتين حساب القمري لانّها شيحته‭[sic]</subfield>
          </datafield>
          <datafield tag="500" ind1=" " ind2=" ">
            <subfield code="a">Lugar de escritura: No consta</subfield>
          </datafield>
          <datafield tag="500" ind1=" " ind2=" ">
            <subfield code="a">Copista: No consta</subfield>
          </datafield>
          <datafield tag="500" ind1=" " ind2=" ">
            <subfield code="a">Colofón: No consta</subfield>
          </datafield>
          <datafield tag="500" ind1=" " ind2=" ">
            <subfield code="a">Características especiales: Texto sin vocalizar</subfield>
          </datafield>
          <datafield tag="500" ind1=" " ind2=" ">
            <subfield code="a">Ilustración: No</subfield>
          </datafield>
          <datafield tag="500" ind1=" " ind2=" ">
            <subfield code="a">Ilustraciones: Los epígrafes y algunas palabras del texto se marcan en tinta roja. También se observan espacios en blanco que quizás el copista pretendía destinar a los títulos de los capítulos.</subfield>
          </datafield>
          <datafield tag="500" ind1=" " ind2=" ">
            <subfield code="a">Tipo de cuaderno: 16 cuads.: el último bifolio y el resto quiniones.</subfield>
          </datafield>
          <datafield tag="500" ind1=" " ind2=" ">
            <subfield code="a">Deterioros: Muy buen estado del texto y la cubierta.</subfield>
          </datafield>
          <datafield tag="500" ind1=" " ind2=" ">
            <subfield code="a">H en blanco: H en blanco: el recto del primer folio sin foliar del volumen</subfield>
          </datafield>
          <datafield tag="500" ind1=" " ind2=" ">
            <subfield code="a">H dañadas, mutiladas, sueltas: No</subfield>
          </datafield>
          <datafield tag="500" ind1=" " ind2=" ">
            <subfield code="a">H faltan o añadidas: H faltan: El reclamo del folio 149v hace pensar que el manuscrito no está completo. H añadidas: No</subfield>
          </datafield>
          <datafield tag="500" ind1=" " ind2=" ">
            <subfield code="a">Foliación: Sin foliación original. - Foliación moderna a lápiz cuyo autor se desconoce. El último folio numerado es el 149, en el verso de este mismo folio aparece el 150.</subfield>
          </datafield>
          <datafield tag="500" ind1=" " ind2=" ">
            <subfield code="a">Reclamos: Reclamos en tinta negra en el margen inferior izquierdo de todos los folios verso. En el último folio con texto del volumen (149v) aparece el reclamo, sin embargo, el folio que le sigue está en blanco.</subfield>
          </datafield>
          <datafield tag="500" ind1=" " ind2=" ">
            <subfield code="a">Sign. cuad.: No</subfield>
          </datafield>
          <datafield tag="500" ind1=" " ind2=" ">
            <subfield code="a">Pautado: Punta seca (casi inapreciable). Líneas rectrices con una regularidad de 6 mm.</subfield>
          </datafield>
          <datafield tag="500" ind1=" " ind2=" ">
            <subfield code="a">Filigrana: Letras “SA” en mayúscula, separadas por un espacio en blanco y dispuestas en horizontal. Figura zoomorfa que se asemeja a la de un perro o un lobo. Probablemente se trate de las letras “EG” en mayúscula, separadas por un tallo rematado con cinco hojas. La filigrana en cuestión aparece mutilada en su parte inferior.</subfield>
          </datafield>
          <datafield tag="563" ind1=" " ind2=" ">
            <subfield code="a">Encuadernación: Cartera con solapa de cierre en cartón forrada con papel estampado y los lomos en piel roja sobre cartón al igual que los filos de las tapas. - El lomo contiene dos etiqueta: una, que recoge en francés el autor y título de la obra en letras mayúsculas: “Khaldo[un]. Prolégo[mènes]”; y la otra, contiene el número 7, que probablemente sería de la numeración que tuviese antes de ingresar en la Biblioteca de la Escuela de Estudios Árabes de Granada.</subfield>
          </datafield>
          <datafield tag="541" ind1=" " ind2=" ">
            <subfield code="a">Procedencia: No consta</subfield>
            <subfield code="d">Ingreso: No consta</subfield>
          </datafield>
          <datafield tag="500" ind1=" " ind2=" ">
            <subfield code="a">Signatura antigua: VOL. XVI; A-5-16.</subfield>
          </datafield>
          <datafield tag="500" ind1=" " ind2=" ">
            <subfield code="a">Anotaciones: Anotaciones marginales muy escasas hechas a lápiz en castellano, pues, en todo el volumen se contabilizan a penas unas cinco; señalando en el texto con una x lo que falta o está mal. - Se desconoce el autor de las anotaciones. - En la tapa hay tres etiquetas pegadas en francés, la más interesante es la superior que indica el contenido del volumen y el autor de la obra, junto con una descripción muy breve del manuscrito donde recoge número de páginas, el incipit además de otros datos. - Mientras que, en la segunda aparece el nombre de Silvestre de Sacy y debajo de el número 204. En la tercera y última aparece en francés el rótulo en mayúscula “Le Ch. Ferrao de Castelbranco. 70 Avenue des Champs-Elysées”. - En la misma tapa en su parte superior aparece una referencia a un folio del volumen y en árabe en contenido del mismo. - En el verso del segundo folio de guarda final hay anotaciones tanto a lápiz como en tinta negra en diferentes idiomas. - Las que hay en francés dicen: “M 90 arabe Ibn Khaldoun”. - Mientras que, las que aparecen en castellano recogen las antiguas signaturas del volumen. - Por otro lado, en la anotación en árabe de dos término, solo se puede leer el primer vocablo ( امين). - Además, en el margen superior izquierdo, tanto de la tapa posterior como del verso del último folio de la guarda aparece la inscripción “Sy 204” que probablemente haga referencia a la signatura que tuvo este volumen cuando perteneció a Silvestre de Sacy [Bibliothèque de M. le Baron Silvestre de Sacy, Volumen 1, p. 36].</subfield>
          </datafield>
          <datafield tag="581" ind1=" " ind2=" ">
            <subfield code="a">Descripción: Catálogo de la Exposición celebrada con motivo del cincuentenario: 1932-1982, Granada, 1982, 17.- Castillo Castillo, C., “Manuscritos arábigos que se conservan en la Escuela de Estudios Árabes de Granada”, Cuadernos de historia del Islam 11 (1984), 232-233. - Manuscritos árabes y fondo antiguo de la Escuela de Estudios Árabes, Granada, 2007, 89-90.</subfield>
          </datafield>
          <datafield tag="530" ind1=" " ind2=" ">
            <subfield code="a">Otros soportes: 2 copias en CD-Rom [Scaneados (2006) y Manuscritos de Ibn al-Jatib, Ibn Jaldún y al-Maqrizi [Recurso electrónico] (2006)</subfield>
          </datafield>
          <datafield tag="581" ind1=" " ind2=" ">
            <subfield code="a">Edición: No</subfield>
          </datafield>
          <datafield tag="510" ind1=" " ind2=" ">
            <subfield code="a">Catálogo de la Exposición celebrada con motivo del cincuentenario: 1932-1982</subfield>
            <subfield code="c">p. 17</subfield>
          </datafield>
          <datafield tag="510" ind1=" " ind2=" ">
            <subfield code="a">Manuscritos arábigos que se conservan en la Escuela de Estudios Árabes de Granada</subfield>
            <subfield code="c">p. 232-233</subfield>
          </datafield>
          <datafield tag="510" ind1=" " ind2=" ">
            <subfield code="a">Manuscritos árabes y fondo antiguo de la Escuela de Estudios Árabes</subfield>
            <subfield code="c">p. 89-90</subfield>
          </datafield>
          <datafield tag="510" ind1=" " ind2=" ">
            <subfield code="a">Lagrange G. d. [et al.] Bibliothèque de M. le baron Silvestre de Sacy .... Francia: Imprimerie royale, 1842. V. 1</subfield>
            <subfield code="c">p. 36</subfield>
          </datafield>
          <datafield tag="520" ind1="2" ind2=" ">
            <subfield code="a">Contenido: Muqaddima [Incompleto, acéfalo y ápodo] (GAL, S II, p. 490)</subfield>
          </datafield>
          <datafield tag="650" ind1=" " ind2="7">
            <subfield code="a">Historia</subfield>
            <subfield code="x">Filosofía</subfield>
            <subfield code="v">Manuscritos.</subfield>
            <subfield code="2">CSICAU</subfield>
          </datafield>
          <datafield tag="740" ind1="0" ind2=" ">
            <subfield code="a">Muqaddima</subfield>
          </datafield>
          <datafield tag="775" ind1="1" ind2="8">
            <subfield code="w">990011156520204201</subfield>
            <subfield code="t">مقدمة [Recurso electrónico]</subfield>
          </datafield>
          <datafield tag="775" ind1="1" ind2="8">
            <subfield code="w">990011272630204201</subfield>
            <subfield code="t">Manuscritos de Ibn al-Jatib, Ibn Jaldún y al-Maqrizi [Recurso electrónico]</subfield>
          </datafield>
          <datafield tag="830" ind1=" " ind2="0">
            <subfield code="a">Manuscripta</subfield>
          </datafield>
          <datafield tag="856" ind1="4" ind2="1">
            <subfield code="u">http://aleph.csic.es/imagenes/mad01/0006_PMSC/P_001350065_783623_V00.pdf</subfield>
            <subfield code="z">Descargar Pdf completo (49M)</subfield>
            <subfield code="m">CSIC</subfield>
          </datafield>
          <datafield tag="856" ind1="4" ind2="1">
            <subfield code="u">http://aleph.csic.es/imagenes/mad01/0006_PMSC/html/001350065.html</subfield>
            <subfield code="z">Ver texto completo en Bookreader</subfield>
          </datafield>
          <datafield tag="856" ind1="4" ind2="1">
            <subfield code="u">http://simurg.csic.es/view/299998</subfield>
            <subfield code="z">Acceso a la versión digitalizada en Simurg</subfield>
          </datafield>
          <datafield tag="040" ind1=" " ind2=" ">
            <subfield code="a">ES-MaCSI</subfield>
            <subfield code="b">spa</subfield>
          </datafield>
        </record>
      </metadata>
    </record>