
    <record>
      <header>
        <identifier>oai:alma.34CSIC_INST:990013502420204201</identifier>
        <datestamp>2022-07-01T05:01:55Z</datestamp>
        <setSpec>manuscripta</setSpec>
        <setSpec>csic-bibliografico</setSpec>
      </header>
      <metadata>
        <record xmlns="http://www.loc.gov/MARC21/slim" xmlns:xsi="http://www.w3.org/2001/XMLSchema-instance" xsi:schemaLocation="http://www.loc.gov/MARC21/slim http://www.loc.gov/standards/marcxml/schema/MARC21slim.xsd">
          <leader>08116ntm a2200769 i 4500</leader>
          <controlfield tag="005">20220609123407.0</controlfield>
          <controlfield tag="008">100721n1800                  000 0 ara d</controlfield>
          <controlfield tag="001">990013502420204201</controlfield>
          <datafield tag="035" ind1=" " ind2=" ">
            <subfield code="a">CSIC001350242</subfield>
          </datafield>
          <datafield tag="035" ind1=" " ind2=" ">
            <subfield code="a">(ES-MaCSI)001350242MAD01-Aleph</subfield>
          </datafield>
          <datafield tag="035" ind1=" " ind2=" ">
            <subfield code="a">(OCoLC)1123523787</subfield>
          </datafield>
          <datafield tag="245" ind1="1" ind2="0">
            <subfield code="a">مجموعة مؤلفات في علم المنطق والفلسفة‭</subfield>
            <subfield code="h">[‭Manuscrito]</subfield>
          </datafield>
          <datafield tag="260" ind1=" " ind2=" ">
            <subfield code="c">[18..?].</subfield>
          </datafield>
          <datafield tag="300" ind1=" " ind2=" ">
            <subfield code="a">237 f. ;</subfield>
            <subfield code="c">21,8 x 16,5 cm.</subfield>
          </datafield>
          <datafield tag="490" ind1="1" ind2=" ">
            <subfield code="a">Manuscripta</subfield>
          </datafield>
          <datafield tag="546" ind1=" " ind2=" ">
            <subfield code="a">Arabe</subfield>
            <subfield code="b">Escritura magrebí</subfield>
          </datafield>
          <datafield tag="500" ind1=" " ind2=" ">
            <subfield code="a">Título transliterado: Maŷmūʽat muʼallafāt fī ʽilm al-manṭiq wa-l-falsafa</subfield>
          </datafield>
          <datafield tag="500" ind1=" " ind2=" ">
            <subfield code="a">Título facticio</subfield>
          </datafield>
          <datafield tag="500" ind1=" " ind2=" ">
            <subfield code="a">Distribución: 1 col. La mayor parte de la obra tiene 23 líneas por página.</subfield>
          </datafield>
          <datafield tag="500" ind1=" " ind2=" ">
            <subfield code="a">Material: Papel</subfield>
          </datafield>
          <datafield tag="500" ind1=" " ind2=" ">
            <subfield code="a">Tinta: Negra, roja y azul</subfield>
          </datafield>
          <datafield tag="500" ind1=" " ind2=" ">
            <subfield code="a">Copista: No consta</subfield>
          </datafield>
          <datafield tag="500" ind1=" " ind2=" ">
            <subfield code="a">Fecha aproximada a partir de las investigaciones de los doctores Sonsoles González García, Domingo Campillo García y Teresa Espejo Arias, publicadas en la revista Al-qantara, v. 38,1 (enero-junio 2017), p. 99-111. La datación de los manuscritos hasta la publicación de este trabajo había sido descrita por Naima Anahnah (2010) para el proyecto Manuscripta CSIC: [1329] 729 de la Hégira</subfield>
          </datafield>
          <datafield tag="500" ind1=" " ind2=" ">
            <subfield code="a">Características especiales: Texto sin vocalizar</subfield>
          </datafield>
          <datafield tag="500" ind1=" " ind2=" ">
            <subfield code="a">Ilustración: No</subfield>
          </datafield>
          <datafield tag="500" ind1=" " ind2=" ">
            <subfield code="a">Ilustraciones: A modo de signo de puntuación aparece en tinta roja la coma árabe (٬) sólo en el folio 1v. - También hay tablas de datos, de diferentes formatos. - Los epígrafes al igual que algunas palabras se marcan con tinta roja, mientras que, la caja aparece enmarcada con un doble marco rojo y otro azul por el exterior.</subfield>
          </datafield>
          <datafield tag="500" ind1=" " ind2=" ">
            <subfield code="a">Tipo de cuaderno: 25 cuads.: 1 bifolio, 1 binión, 1 ternión, 20 quiniones y 2 sextniones; más 1 folio suelto.</subfield>
          </datafield>
          <datafield tag="500" ind1=" " ind2=" ">
            <subfield code="a">Deterioros: En general, buen estado del texto. - La encuadernación está deteriorada con las tapas sueltas y los cuadernos descosidos. - En algunos folios del volumen hay galerías, manchas y deterioro de la tinta que apenas afectan al texto del volumen</subfield>
          </datafield>
          <datafield tag="500" ind1=" " ind2=" ">
            <subfield code="a">H en blanco: 11 H en blanco: folios 1r, 31v, 32r, 101v, 102, 103, 104r, 152, 153, 152 y 153</subfield>
          </datafield>
          <datafield tag="500" ind1=" " ind2=" ">
            <subfield code="a">H dañadas, mutiladas, sueltas: No</subfield>
          </datafield>
          <datafield tag="500" ind1=" " ind2=" ">
            <subfield code="a">H faltan o añadidas: No</subfield>
          </datafield>
          <datafield tag="500" ind1=" " ind2=" ">
            <subfield code="a">Foliación: Sin foliación original. Foliación moderna a lápiz hecha por Naima Anahnah (2010)</subfield>
          </datafield>
          <datafield tag="500" ind1=" " ind2=" ">
            <subfield code="a">Reclamos: Reclamos en tinta negra o roja en el margen inferior izquierdo de todos los folios verso.</subfield>
          </datafield>
          <datafield tag="500" ind1=" " ind2=" ">
            <subfield code="a">Sign. cuad.: No</subfield>
          </datafield>
          <datafield tag="500" ind1=" " ind2=" ">
            <subfield code="a">Pautado: Punta seca (casi inapreciable). Líneas rectrices con una regularidad de 6 mm.</subfield>
          </datafield>
          <datafield tag="500" ind1=" " ind2=" ">
            <subfield code="a">Filigrana: Tres medias lunas, una encima de otra y de tamaño decreciente. Las letras "V" y "G" en mayúsculas ahuecadas</subfield>
          </datafield>
          <datafield tag="563" ind1=" " ind2=" ">
            <subfield code="a">Encuadernación: Cartera con solapa de cierre en piel marrón claro sobre papelón y con mosaico en rojo. - La decoración de las tapas está formada por tres recuadros de un hilo gofrado (es seco) unidos ambos por otro hilo en bisel; el recuadro interior con decoración en oro de hierros cuadrados. - Otros hierros dorados con los mismos motivos se repiten en la solapa y en el lomo de corte vertical. - El lomo está liso. - El lomo de corte vertical está reforzado por el interior en piel roja.</subfield>
          </datafield>
          <datafield tag="541" ind1=" " ind2=" ">
            <subfield code="a">Procedencia: Compra</subfield>
            <subfield code="c">[Familia Granados Montoro]</subfield>
            <subfield code="d">Ingreso: 25 junio de 1986</subfield>
          </datafield>
          <datafield tag="500" ind1=" " ind2=" ">
            <subfield code="a">Signatura antigua: VOL. XXVI; CAJA 1-5</subfield>
          </datafield>
          <datafield tag="500" ind1=" " ind2=" ">
            <subfield code="a">Anotaciones: Las anotaciones marginales de la obra son correcciones del texto. - Estas correcciones son precedidas por la letra خ. - En el interior de la tapa principal, hay una anotación de seis líneas en tinta negra, en la que se hace referencia al contenido de las obras que contiene el volumen. - Por otro lado, en el interior de la solapa de cierre, escrito a lápiz, se lee el número 10 que, probablemente, hacía referencia al número de catalogación del volumen antes de su ingreso en la BEEA.</subfield>
          </datafield>
          <datafield tag="581" ind1=" " ind2=" ">
            <subfield code="a">Descripción: González García, Sonsoles. Estudio de las encuadernaciones originales datadas de la colección de manuscritos de la Biblioteca de la Escuela de Estudios Árabes de Granada. Granada, 2010. - González García, Sonsoles. Estudio de las encuadernaciones originales datadas de la colección de manuscritos árabes de la Biblioteca de la Escuela de Estudios Árabes de Granada : tesis doctoral, Granada, 2014. - González García, Sonsoles; Campillo García, Domingo ; Espejo Arias, Teresa. "Novedades sobre la datación de los manuscritos árabes de la Escuela de Estudios Árabes de Granada", Al-qantara 38,1 (enero-junio 2017), 99-111</subfield>
          </datafield>
          <datafield tag="530" ind1=" " ind2=" ">
            <subfield code="a">Otros soportes: No</subfield>
          </datafield>
          <datafield tag="581" ind1=" " ind2=" ">
            <subfield code="a">Edición: No</subfield>
          </datafield>
          <datafield tag="510" ind1="4" ind2=" ">
            <subfield code="a">Novedades sobre la datación de los manuscritos árabes de la Escuela de Estudios Árabes de Granada</subfield>
            <subfield code="c">p. 106-108</subfield>
          </datafield>
          <datafield tag="520" ind1="2" ind2=" ">
            <subfield code="a">Contenido: Al-taḏhīb fi šarḥ al-Tahḏīb (1v-31r) [s. f.] [GAL II, 279]. - Taḥrīr al-qawāʽid al-manṭiqiyya fī šarḥ al-Risāla al-šamsiyya (32v-101r). - ʽIlm al-mīzān (104v-108r) [s. f.]. - Taqyīd ʽalà l-naẓm al-marsūm bi-l-silm al-marūniq (108v-151v) [s. f.] [primer libro de una colección compuesta por cuatro]. - Al-naẓm al-kāmil fī ʽilm al-mīzān (154v-236v) [s. f.]</subfield>
          </datafield>
          <datafield tag="650" ind1=" " ind2="7">
            <subfield code="a">Filosofía islámica</subfield>
            <subfield code="v">Manuscritos.</subfield>
            <subfield code="2">CSICAU</subfield>
          </datafield>
          <datafield tag="650" ind1=" " ind2="7">
            <subfield code="a">Lógica</subfield>
            <subfield code="v">Manuscritos.</subfield>
            <subfield code="2">CSICAU</subfield>
          </datafield>
          <datafield tag="700" ind1="1" ind2=" ">
            <subfield code="a">Jabīṣī, `Ubayd Allāh b. Faḍl Allāh al-</subfield>
            <subfield code="d">(m. ca. 1640).</subfield>
          </datafield>
          <datafield tag="700" ind1="1" ind2=" ">
            <subfield code="a">Quṭb al-Taḥtānī, Muḥammad b. Muḥammad,</subfield>
            <subfield code="d">(1294 ó 5-1364 ó 5).</subfield>
          </datafield>
          <datafield tag="700" ind1="1" ind2=" ">
            <subfield code="a">Ibn Kīrān, Muḥammad al-Ṭayyib b. `Abd al-Maŷīd al-</subfield>
            <subfield code="d">(1758 ó 9-1812 ó 13).</subfield>
          </datafield>
          <datafield tag="700" ind1="1" ind2=" ">
            <subfield code="a">Bannānī, Muḥammad b. al-Ḥasan al-</subfield>
            <subfield code="d">(1720 ó 21-1780).</subfield>
          </datafield>
          <datafield tag="740" ind1="0" ind2=" ">
            <subfield code="a">Maŷmūʽat muʼallafāt fī ʽilm al-manṭiq wa-l-falsafa</subfield>
          </datafield>
          <datafield tag="740" ind1="2" ind2=" ">
            <subfield code="a">التذهيب في شرح التهذيب</subfield>
          </datafield>
          <datafield tag="740" ind1="3" ind2=" ">
            <subfield code="a">Al-taḏhīb fī šarḥ al-Tahḏīb</subfield>
          </datafield>
          <datafield tag="740" ind1="0" ind2=" ">
            <subfield code="a">تحرير القواعد المنطقية في شرح الرسالة الشمسية</subfield>
          </datafield>
          <datafield tag="740" ind1="0" ind2=" ">
            <subfield code="a">Taḥrīr al-qawāʽid al-manṭiqiyya fī šarḥ al-risāla al-šamsiyya</subfield>
          </datafield>
          <datafield tag="740" ind1="0" ind2=" ">
            <subfield code="a">علم الميزان</subfield>
          </datafield>
          <datafield tag="740" ind1="0" ind2=" ">
            <subfield code="a">ʽIlm al-mīzān</subfield>
          </datafield>
          <datafield tag="740" ind1="2" ind2=" ">
            <subfield code="a">النظم الكامل في علم الميزان</subfield>
          </datafield>
          <datafield tag="740" ind1="3" ind2=" ">
            <subfield code="a">Al-naẓm al-kāmil fī ʽilm al-mīzān</subfield>
          </datafield>
          <datafield tag="740" ind1="0" ind2=" ">
            <subfield code="a">تقييد على النظم المرسوم بالسلم المرونق</subfield>
          </datafield>
          <datafield tag="740" ind1="0" ind2=" ">
            <subfield code="a">Taqyīd ʽalà l-naẓm al-marsūm bi-l-silm al-marūniq</subfield>
          </datafield>
          <datafield tag="830" ind1=" " ind2="0">
            <subfield code="a">Manuscripta</subfield>
          </datafield>
          <datafield tag="856" ind1="4" ind2="1">
            <subfield code="u">http://aleph.csic.es/imagenes/mad01/0006_PMSC/P_001350242_783851_V00.pdf</subfield>
            <subfield code="z">Descargar Pdf completo (66M)</subfield>
            <subfield code="m">CSIC</subfield>
          </datafield>
          <datafield tag="856" ind1="4" ind2="1">
            <subfield code="u">http://aleph.csic.es/imagenes/mad01/0006_PMSC/html/001350242.html</subfield>
            <subfield code="z">Ver texto completo en Bookreader</subfield>
          </datafield>
          <datafield tag="856" ind1="4" ind2="1">
            <subfield code="u">http://simurg.csic.es/view/301615</subfield>
            <subfield code="z">Acceso a la versión digitalizada en Simurg</subfield>
          </datafield>
          <datafield tag="040" ind1=" " ind2=" ">
            <subfield code="a">ES-MaCSI</subfield>
            <subfield code="b">spa</subfield>
          </datafield>
        </record>
      </metadata>
    </record>