
    <record>
      <header>
        <identifier>oai:alma.34CSIC_INST:990013499870204201</identifier>
        <datestamp>2022-07-01T05:01:55Z</datestamp>
        <setSpec>manuscripta</setSpec>
        <setSpec>csic-bibliografico</setSpec>
      </header>
      <metadata>
        <record xmlns="http://www.loc.gov/MARC21/slim" xmlns:xsi="http://www.w3.org/2001/XMLSchema-instance" xsi:schemaLocation="http://www.loc.gov/MARC21/slim http://www.loc.gov/standards/marcxml/schema/MARC21slim.xsd">
          <leader>10438ntm a2200637 i 4500</leader>
          <controlfield tag="005">20220609123407.0</controlfield>
          <controlfield tag="008">100729m18491850xx            000 0 ara d</controlfield>
          <controlfield tag="001">990013499870204201</controlfield>
          <datafield tag="035" ind1=" " ind2=" ">
            <subfield code="a">CSIC001349987</subfield>
          </datafield>
          <datafield tag="035" ind1=" " ind2=" ">
            <subfield code="a">(ES-MaCSI)001349987MAD01-Aleph</subfield>
          </datafield>
          <datafield tag="100" ind1="1" ind2=" ">
            <subfield code="a">Fašnāwī, Muḥammad b. Muḥammad al-.</subfield>
          </datafield>
          <datafield tag="245" ind1="1" ind2="0">
            <subfield code="a">جملة من أصول الفقه وفروعه</subfield>
            <subfield code="h">[Manuscrito]</subfield>
            <subfield code="c">/ أبو عبد الله محمّد بن ابي القاسم بن محمّد بن شعيب بن محمّد الفشناوي.</subfield>
          </datafield>
          <datafield tag="260" ind1=" " ind2=" ">
            <subfield code="c">[1849-1850] 1266 de la Hégira.</subfield>
          </datafield>
          <datafield tag="300" ind1=" " ind2=" ">
            <subfield code="a">96 f. ;</subfield>
            <subfield code="c">22 x 17,5 (caja: 16,5 x 11,5).</subfield>
          </datafield>
          <datafield tag="490" ind1="1" ind2=" ">
            <subfield code="a">Manuscripta</subfield>
          </datafield>
          <datafield tag="546" ind1=" " ind2=" ">
            <subfield code="a">Arabe</subfield>
            <subfield code="b">Escritura magrebí</subfield>
          </datafield>
          <datafield tag="500" ind1=" " ind2=" ">
            <subfield code="a">Título transliterado: Ŷumla min uṣūl al-fiqh wa furūʽi-hi</subfield>
          </datafield>
          <datafield tag="500" ind1=" " ind2=" ">
            <subfield code="a">Título tomado de fuente externa</subfield>
          </datafield>
          <datafield tag="500" ind1=" " ind2=" ">
            <subfield code="a">Distribución: 1 col. La obra tiene 25 líneas por página.</subfield>
          </datafield>
          <datafield tag="500" ind1=" " ind2=" ">
            <subfield code="a">Material: Papel</subfield>
          </datafield>
          <datafield tag="500" ind1=" " ind2=" ">
            <subfield code="a">Tinta: Negra, y roja</subfield>
          </datafield>
          <datafield tag="500" ind1=" " ind2=" ">
            <subfield code="a">(بعد البسملة والتصلية) قال الفقيه القاضي أبو عبد الله محمّد بن ابي القاسم بن محمّد بن شعيب بن محمّد الفشناوي رحمه الله تعلى ورضي عنه الحمد لله نحمده كما يجب بجلاله ونشكره شكر الوجبIncipit:‭</subfield>
          </datafield>
          <datafield tag="500" ind1=" " ind2=" ">
            <subfield code="a">واجب على من علم شيأ من الحق ان يظهره وينشره واللهُ ولي المتقين االتوفيق وهو المرشد الى [...] الطريق بمنه وفضله وصلى الله على سيدنا ومولانا محمد وعلى أله وصحبه وسلم تسليم‭Explicit:</subfield>
          </datafield>
          <datafield tag="500" ind1=" " ind2=" ">
            <subfield code="a">Lugar de escritura: No consta</subfield>
          </datafield>
          <datafield tag="500" ind1=" " ind2=" ">
            <subfield code="a">‪Copista: أحمد بن عبد السلام بن حجّاح العافية الخمسي</subfield>
          </datafield>
          <datafield tag="500" ind1=" " ind2=" ">
            <subfield code="a">‪Colofón:كمل بحمد الله وحسن عونه حسبي الله ونعم الوكيل ولا حول ولا قوة إلا بالله العلي العظيم اللّهم اغفر لكاتبه ولوالديه ولأشياخه ولأحبَّائه وللمسلمين والمسلمات الأحياء منهم والاموات ولمن دعا لهم آمين اللَّهم اجعل أخر كلمتي لا اله الاّ الله محمّد رسول الله صلى الله عليه وسلم في حياتي وعند مماتي وبعد وفاتي حسبي الله ونعم الوكيل انتهى كتبته لنفسه ولمن شاء بعده أحمد بن عبد السلام بن حجّاح الملقب بالعافية الخمسي عام ستة وستين ومايتين والف</subfield>
          </datafield>
          <datafield tag="500" ind1=" " ind2=" ">
            <subfield code="a">Características especiales: Texto sin vocalizar</subfield>
          </datafield>
          <datafield tag="500" ind1=" " ind2=" ">
            <subfield code="a">Ilustración: No</subfield>
          </datafield>
          <datafield tag="500" ind1=" " ind2=" ">
            <subfield code="a">Ilustraciones: Los epígrafes al igual que algunas palabras del texto aparecen en tinta roja o negra en un trazo mucho grande y alargado que el resto del texto.</subfield>
          </datafield>
          <datafield tag="500" ind1=" " ind2=" ">
            <subfield code="a">Tipo de cuaderno: 10 cuads.: 1 binión y 9 quiniones, más 2 folios sueltos</subfield>
          </datafield>
          <datafield tag="500" ind1=" " ind2=" ">
            <subfield code="a">Deterioros: Buen estado del texto. - Los cuadernos están descosidos y algunos folios rotos. - En algunos folios del volumen hay manchas y degradación de la tinta que afecta al texto del volumen.</subfield>
          </datafield>
          <datafield tag="500" ind1=" " ind2=" ">
            <subfield code="a">H en blanco: No</subfield>
          </datafield>
          <datafield tag="500" ind1=" " ind2=" ">
            <subfield code="a">H dañadas, mutiladas, sueltas: 2 H dañadas: folios 1 y 96. - 2 H suelta: folios 91 y 92.</subfield>
          </datafield>
          <datafield tag="500" ind1=" " ind2=" ">
            <subfield code="a">H faltan o añadidas: No</subfield>
          </datafield>
          <datafield tag="500" ind1=" " ind2=" ">
            <subfield code="a">Foliación: Foliación moderna a lápiz hecha por Naima Anahnah (2010).</subfield>
          </datafield>
          <datafield tag="500" ind1=" " ind2=" ">
            <subfield code="a">Reclamos: Reclamos en tinta negra en el margen inferior izquierdo de todos los folios verso.</subfield>
          </datafield>
          <datafield tag="500" ind1=" " ind2=" ">
            <subfield code="a">Sign. cuad.: No</subfield>
          </datafield>
          <datafield tag="500" ind1=" " ind2=" ">
            <subfield code="a">Pautado: Punta seca (casi inapreciable) con una regularidad de 7mm.</subfield>
          </datafield>
          <datafield tag="500" ind1=" " ind2=" ">
            <subfield code="a">Filigrana: No</subfield>
          </datafield>
          <datafield tag="563" ind1=" " ind2=" ">
            <subfield code="a">Encuadernación: Sin encuadernación</subfield>
          </datafield>
          <datafield tag="541" ind1=" " ind2=" ">
            <subfield code="a">Procedencia: Compra</subfield>
            <subfield code="c">[Familia Granados Montoro]</subfield>
            <subfield code="d">Ingreso: 25 de junio de 1986</subfield>
          </datafield>
          <datafield tag="500" ind1=" " ind2=" ">
            <subfield code="a">Signatura antigua: Caja 3,6</subfield>
          </datafield>
          <datafield tag="500" ind1=" " ind2=" ">
            <subfield code="a">Anotaciones: Frecuentes anotaciones marginales en toda la obra, tanto del mismo copista como de una mano posterior. - Las anotaciones marginales son en su mayoría correcciones que van precedidas de la letra خ. - También, aparece la palabra قف en tinta roja o a veces en tinta negra encima de algunos vocablos del texto; con esta palabra se hace una llamada de atención sobre los vocablos o contenidos correspondientes; luego en el margen se vuelve a anotar la palabra قف y debajo de ella el comentario correspondiente. - En las esquinas superiores de algunos folios leemos la frase siguiente:اللهم صلي وسلم وبارك على سيدنا محمد وآله . - En la esquina superior derecha del folio 96v, escrito a lápiz, se lee el número 19 que, probablemente, hacía referencia al número de catalogación del volumen antes de su ingreso en la BEEA. También se leen anotaciones al inicio del volumen (folio 1r) y al final del mismo (folio 96v)</subfield>
          </datafield>
          <datafield tag="581" ind1=" " ind2=" ">
            <subfield code="a">Descripción: No</subfield>
          </datafield>
          <datafield tag="530" ind1=" " ind2=" ">
            <subfield code="a">Otros soportes: No</subfield>
          </datafield>
          <datafield tag="581" ind1=" " ind2=" ">
            <subfield code="a">Edición: No</subfield>
          </datafield>
          <datafield tag="510" ind1="0" ind2=" ">
            <subfield code="a">No</subfield>
          </datafield>
          <datafield tag="520" ind1="2" ind2=" ">
            <subfield code="a">Contenido: Ŷumla min uṣūl al-fiqh wa furūʽi-hi</subfield>
          </datafield>
          <datafield tag="650" ind1="0" ind2="7">
            <subfield code="a">Derecho islámico</subfield>
            <subfield code="v">Manuscritos.</subfield>
            <subfield code="2">CSICAU</subfield>
          </datafield>
          <datafield tag="700" ind1="1" ind2=" ">
            <subfield code="a">ʽĀfiya al-Jumsī, Aḥmad b. ʽAbd al-Salām b. Ḥaŷŷāḥ al-,</subfield>
            <subfield code="e">cop.</subfield>
          </datafield>
          <datafield tag="740" ind1="0" ind2=" ">
            <subfield code="a">Ŷumla min uṣūl al-fiqh wa furūʽi-hi</subfield>
          </datafield>
          <datafield tag="830" ind1=" " ind2="0">
            <subfield code="a">Manuscripta</subfield>
          </datafield>
          <datafield tag="856" ind1="4" ind2="1">
            <subfield code="u">http://aleph.csic.es/imagenes/mad01/0006_PMSC/P_001349987_783492_V00.pdf</subfield>
            <subfield code="z">Descargar Pdf completo (45M)</subfield>
            <subfield code="m">CSIC</subfield>
          </datafield>
          <datafield tag="856" ind1="4" ind2="1">
            <subfield code="u">http://aleph.csic.es/imagenes/mad01/0006_PMSC/html/001349987.html</subfield>
            <subfield code="z">Ver texto completo en Bookreader</subfield>
          </datafield>
          <datafield tag="856" ind1="4" ind2="1">
            <subfield code="u">http://simurg.csic.es/view/298506</subfield>
            <subfield code="z">Acceso a la versión digitalizada en Simurg</subfield>
          </datafield>
          <datafield tag="040" ind1=" " ind2=" ">
            <subfield code="a">ES-MaCSI</subfield>
            <subfield code="b">spa</subfield>
          </datafield>
        </record>
      </metadata>
    </record>