
    <record>
      <header>
        <identifier>oai:alma.34CSIC_INST:990013500700204201</identifier>
        <datestamp>2022-07-01T05:01:55Z</datestamp>
        <setSpec>manuscripta</setSpec>
        <setSpec>csic-bibliografico</setSpec>
      </header>
      <metadata>
        <record xmlns="http://www.loc.gov/MARC21/slim" xmlns:xsi="http://www.w3.org/2001/XMLSchema-instance" xsi:schemaLocation="http://www.loc.gov/MARC21/slim http://www.loc.gov/standards/marcxml/schema/MARC21slim.xsd">
          <leader>11004ntm a2200673 i 4500</leader>
          <controlfield tag="005">20220609123407.0</controlfield>
          <controlfield tag="008">100802s1351                  000 0 ara d</controlfield>
          <controlfield tag="001">990013500700204201</controlfield>
          <datafield tag="035" ind1=" " ind2=" ">
            <subfield code="a">CSIC001350070</subfield>
          </datafield>
          <datafield tag="035" ind1=" " ind2=" ">
            <subfield code="a">(ES-MaCSI)001350070MAD01-Aleph</subfield>
          </datafield>
          <datafield tag="035" ind1=" " ind2=" ">
            <subfield code="a">(OCoLC)1123825251</subfield>
          </datafield>
          <datafield tag="245" ind1="1" ind2="0">
            <subfield code="a">مناقب ابن تيمية‭</subfield>
            <subfield code="h">[‭Manuscrito]</subfield>
          </datafield>
          <datafield tag="260" ind1=" " ind2=" ">
            <subfield code="c">[1351] 751 de la Hégira.</subfield>
          </datafield>
          <datafield tag="300" ind1=" " ind2=" ">
            <subfield code="a">188 f. (dos sin foliar, uno antes del f. 1 y otro entre el f. 22 y el 23. Además el 184 no existe porque hay un salto de numeración entre los f. 183 y 185) ;</subfield>
            <subfield code="c">18,6 x 13 cm (caja: 13 x 9 cm).</subfield>
          </datafield>
          <datafield tag="490" ind1="1" ind2=" ">
            <subfield code="a">Manuscripta</subfield>
          </datafield>
          <datafield tag="546" ind1=" " ind2=" ">
            <subfield code="a">Arabe</subfield>
            <subfield code="b">Escritura nasjí</subfield>
          </datafield>
          <datafield tag="500" ind1=" " ind2=" ">
            <subfield code="a">Título transliterado: Manāqib Ibn Taymiyya</subfield>
          </datafield>
          <datafield tag="500" ind1=" " ind2=" ">
            <subfield code="a">Distribución: 1 col. Tiene 15 líneas por página, excepto el folio 186v que tienen 13 líneas</subfield>
          </datafield>
          <datafield tag="500" ind1=" " ind2=" ">
            <subfield code="a">Material: Papel árabe</subfield>
          </datafield>
          <datafield tag="500" ind1=" " ind2=" ">
            <subfield code="a">Tinta: Negra y roja</subfield>
          </datafield>
          <datafield tag="500" ind1=" " ind2=" ">
            <subfield code="a">‪Incipit: فَلِذَاكَ كَانَ مُقَيِّداً وَمُخَصَّصاً لِعُمُوم حبِس العِلم فِي تَنْوِيعِهِ</subfield>
          </datafield>
          <datafield tag="500" ind1=" " ind2=" ">
            <subfield code="a">‪Explicit: ثُمَ الصَلاَةُ عَلَى المختَار من مضَرٍ من تكسبُ المزن تَوسِيلاً بِهِ مَطَرُ</subfield>
          </datafield>
          <datafield tag="500" ind1=" " ind2=" ">
            <subfield code="a">Lugar de escritura: No consta</subfield>
          </datafield>
          <datafield tag="500" ind1=" " ind2=" ">
            <subfield code="a">Fecha completa: jueves 7 ḏū l-qaʽda 751 / 6 enero 1351</subfield>
          </datafield>
          <datafield tag="500" ind1=" " ind2=" ">
            <subfield code="a">Copista: No consta</subfield>
          </datafield>
          <datafield tag="500" ind1=" " ind2=" ">
            <subfield code="a">‪Colofón: تمت وَهي تسعَة وَسَبعُونَ بَيتاً وَقد رثى الشيخ رَحمَهُ اللَهُ بِقَصَآيِد كثِيرَةٍ غَير هَذهِ وَفيما ذُكر كفايَه ةَالحَمد لِلَهِ وحده وَصَلى اللَه على سَيّدنَا مُحمَدٍ وَاَلِهِ وَصَحبِهِ وَسَلَمَ تَسلِيماً كَثيراً فرغ مِنه بُكرة نهار الخَمِيس سَابع شهر ذِي القعدة سَنَة احد وَخمسِين وسبعَماية وَحسبُنا اللَهُ وَنِعمَ الوكِيل وَلاَ حَول وَلاَ قوة الا باللَهِ العَلِي العَظيم</subfield>
          </datafield>
          <datafield tag="500" ind1=" " ind2=" ">
            <subfield code="a">Características especiales: Texto vocalizado</subfield>
          </datafield>
          <datafield tag="500" ind1=" " ind2=" ">
            <subfield code="a">Ilustración: Inscripción epigráfica en el interior de la tapa posterior y en el primer folio del volumen</subfield>
          </datafield>
          <datafield tag="500" ind1=" " ind2=" ">
            <subfield code="a">Ilustraciones: Entre oraciones, a modo de signos de puntuación, se utilizan en tinta negra un círculo con un punto en el interior (סּ). - El otro símbolo en tinta roja, que sólo se aprecia en los primeros folios del volumen, es un guión superior que coincide en dimensión con el alargamiento grafico de las consonantes. - También se aprecia el subrayado de algunos vocablos.</subfield>
          </datafield>
          <datafield tag="500" ind1=" " ind2=" ">
            <subfield code="a">Tipo de cuaderno: 19 cuads.: 19 quiniones (al último cuaderno le faltan 3 folios al final y uno en el medio) más 2 folios sueltos al principio del volumen..</subfield>
          </datafield>
          <datafield tag="500" ind1=" " ind2=" ">
            <subfield code="a">Deterioros: Buen estado del texto. - La cubierta muy deteriorada, ha perdido la solapa de cierre y se ha despegado parte de la tapa. - El volumen se ha descosido. - En algunos folios hay manchas de tinta y de humedad además de amarilleo que no afectan al texto. - En marzo de 2014, la investigadora Sonsoles González informa de la existencia de hongos en el microscopio electrónico de barrido (SEM), utilizado en el análisis de varios manuscritos para la realización de su tesis doctoral sobre la caracterización material y el estudio codicológico de los manuscritos árabes datados de la colección de la EEA</subfield>
          </datafield>
          <datafield tag="500" ind1=" " ind2=" ">
            <subfield code="a">H en blanco: No</subfield>
          </datafield>
          <datafield tag="500" ind1=" " ind2=" ">
            <subfield code="a">H dañadas, mutiladas, sueltas: No</subfield>
          </datafield>
          <datafield tag="500" ind1=" " ind2=" ">
            <subfield code="a">H faltan o añadidas: H faltan: Viendo la foliación original y el número de cuadernos, se deduce que el volumen pudo constar de al menos de 200 folios (20 quiniones). - De éstos, se habrían perdido 12, 4 del último cuaderno y 8 del primero.</subfield>
          </datafield>
          <datafield tag="500" ind1=" " ind2=" ">
            <subfield code="a">Foliación: Tiene dos foliaciones una original y la otra moderna. - La original está hecha en tinta marrón, y consiste en la foliación con números ordinales en árabe de las esquinas superiores izquierdas de los primeros folios r de cada cuaderno (quinión). - No en todos los folios se puede apreciar esta foliación, pues los folios han sido guillotinados en sus tres márgenes. - La otra foliación es moderna y esta hecha a lápiz, desconociéndose su autor.</subfield>
          </datafield>
          <datafield tag="500" ind1=" " ind2=" ">
            <subfield code="a">Reclamos: Reclamos en tinta negra en el margen inferior izquierdo de todos los folios verso, excepto en once de ellos, de la misma mano del autor de la obra.</subfield>
          </datafield>
          <datafield tag="500" ind1=" " ind2=" ">
            <subfield code="a">Sign. cuad.: En la esquina superior izquierda de cada primer folio de cada cuaderno.</subfield>
          </datafield>
          <datafield tag="500" ind1=" " ind2=" ">
            <subfield code="a">Pautado: Punta seca (casi inapreciable). Líneas rectrices con una regularidad de 9 mm.</subfield>
          </datafield>
          <datafield tag="500" ind1=" " ind2=" ">
            <subfield code="a">Filigrana: No se aprecia</subfield>
          </datafield>
          <datafield tag="563" ind1=" " ind2=" ">
            <subfield code="a">Encuadernación: Cartera con solapa de cierre en piel marrón oscuro sobre cartón. - De la solapa de cierre sólo se conserva el lomo de corte vertical. - La decoración de las tapas está formada por una orla de rueda gofrada y un rosetón central. - Los lomos tienen un refuerzo en piel marrón claro. - La decoración del lomo no se aprecie por el refuerzo. - Por su parte la del lomo de corte vertical se ha despegado, dejando al descubierto que esta dividido en dos partes, cada una de ellas contiene un rosetón compuesta por una circunferencia central más seis que lo bordean; aunque, el deterioro de la encuadernación sólo deja ver cuatro de las seis.</subfield>
          </datafield>
          <datafield tag="541" ind1=" " ind2=" ">
            <subfield code="a">Procedencia: Universidad de Granada</subfield>
            <subfield code="d">Ingreso: No consta</subfield>
          </datafield>
          <datafield tag="500" ind1=" " ind2=" ">
            <subfield code="a">Signatura antigua: VOL. XVIII ; A-5-18 ; n º 20</subfield>
          </datafield>
          <datafield tag="500" ind1=" " ind2=" ">
            <subfield code="a">Anotaciones: Correcciones en los márgenes en tinta negra o roja algunas del mismo copista y otras de una mano posterior; así como anotaciones para remendar parte del texto o de comentarios sobre el contenido de la obra. - En los últimos folios del volumen hay anotaciones de operaciones matemáticas consistentes en sumas y restas (186v y 187v). - En el verso del último folio aparece a lápiz la anotación IX-4-20 que probablemente corresponda a otra de las antiguas signaturas del volumen. Antiguo sello de la Facultad de Filosofía y Letras de la Universidad de Granada</subfield>
          </datafield>
          <datafield tag="581" ind1=" " ind2=" ">
            <subfield code="a">Descripción: Catálogo de la Exposición celebrada con motivo del cincuentenario: 1932-1982, Granada, 1982, 17-18; Castillo Castillo, C., “Manuscritos arábigos que se conservan en la Escuela de Estudios Árabes de Granada”, Cuadernos de historia del Islam 11 (1984), 234-235. - González García, Sonsoles. Estudio de las encuadernaciones originales datadas de la colección de manuscritos de la Biblioteca de la Escuela de Estudios Árabes de Granada. Granada, 2010.- González García, Sonsoles.Estudio de las encuadernaciones originales datadas de la colección de manuscritos árabes de la Biblioteca de la Escuela de Estudios Árabes de Granada : tesis doctoral, Granada, 2014</subfield>
          </datafield>
          <datafield tag="530" ind1=" " ind2=" ">
            <subfield code="a">Otros soportes: No</subfield>
          </datafield>
          <datafield tag="581" ind1=" " ind2=" ">
            <subfield code="a">Edición: No</subfield>
          </datafield>
          <datafield tag="510" ind1=" " ind2=" ">
            <subfield code="a">Catálogo de la Exposición celebrada con motivo del cincuentenario: 1932-1982</subfield>
            <subfield code="c">p. 17-18</subfield>
          </datafield>
          <datafield tag="510" ind1=" " ind2=" ">
            <subfield code="a">Manuscritos arábigos que se conservan en la Escuela de Estudios Árabes de Granada</subfield>
            <subfield code="c">p. 234-235</subfield>
          </datafield>
          <datafield tag="510" ind1=" " ind2=" ">
            <subfield code="a">Estudio de las encuadernaciones originales datadas de la colección de manuscritos árabes de la Biblioteca de la Escuela de Estudios Árabes de Granada : tesis doctoral</subfield>
          </datafield>
          <datafield tag="520" ind1="2" ind2=" ">
            <subfield code="a">Contenido: Manāqib Ibn Taymiyya</subfield>
          </datafield>
          <datafield tag="600" ind1="1" ind2="7">
            <subfield code="a">Ibn Taymiyya, Aḥmad b. ʻAbd al-Ḥalīm</subfield>
            <subfield code="d">(1263-1328)</subfield>
            <subfield code="j">Biografías</subfield>
            <subfield code="v">Manuscritos</subfield>
            <subfield code="2">CSICAU</subfield>
          </datafield>
          <datafield tag="600" ind1="1" ind2="7">
            <subfield code="a">Ibn Taymiyya, Aḥmad ibn ʻAbd al-Ḥalīm</subfield>
            <subfield code="d">(1263-1328)</subfield>
            <subfield code="t">Manāqib</subfield>
            <subfield code="x">Crítica e interpretación</subfield>
            <subfield code="v">Manuscritos</subfield>
            <subfield code="2">CSICAU</subfield>
          </datafield>
          <datafield tag="650" ind1=" " ind2="7">
            <subfield code="a">Arabe</subfield>
            <subfield code="x">Versificación</subfield>
            <subfield code="v">Manuscritos.</subfield>
            <subfield code="2">CSICAU</subfield>
          </datafield>
          <datafield tag="740" ind1="0" ind2=" ">
            <subfield code="a">Manāqib Ibn Taymiyya</subfield>
          </datafield>
          <datafield tag="830" ind1=" " ind2="0">
            <subfield code="a">Manuscripta</subfield>
          </datafield>
          <datafield tag="856" ind1="4" ind2="1">
            <subfield code="u">http://aleph.csic.es/imagenes/mad01/0006_PMSC/P_001350070_783630_V00.pdf</subfield>
            <subfield code="z">Descargar Pdf completo (37M)</subfield>
            <subfield code="m">CSIC</subfield>
          </datafield>
          <datafield tag="856" ind1="4" ind2="1">
            <subfield code="u">http://aleph.csic.es/imagenes/mad01/0006_PMSC/html/001350070.html</subfield>
            <subfield code="z">Ver texto completo en Bookreader</subfield>
          </datafield>
          <datafield tag="856" ind1="4" ind2="1">
            <subfield code="u">http://simurg.csic.es/view/300309</subfield>
            <subfield code="z">Acceso a la versión digitalizada en Simurg</subfield>
          </datafield>
          <datafield tag="040" ind1=" " ind2=" ">
            <subfield code="a">ES-MaCSI</subfield>
            <subfield code="b">spa</subfield>
          </datafield>
        </record>
      </metadata>
    </record>