
    <record>
      <header>
        <identifier>oai:alma.34CSIC_INST:990013499080204201</identifier>
        <datestamp>2022-07-01T05:01:55Z</datestamp>
        <setSpec>manuscripta</setSpec>
        <setSpec>csic-bibliografico</setSpec>
      </header>
      <metadata>
        <record xmlns="http://www.loc.gov/MARC21/slim" xmlns:xsi="http://www.w3.org/2001/XMLSchema-instance" xsi:schemaLocation="http://www.loc.gov/MARC21/slim http://www.loc.gov/standards/marcxml/schema/MARC21slim.xsd">
          <leader>08005ntm a2200649 i 4500</leader>
          <controlfield tag="005">20220609123408.0</controlfield>
          <controlfield tag="008">100728n        xx            000 0 ara d</controlfield>
          <controlfield tag="001">990013499080204201</controlfield>
          <datafield tag="035" ind1=" " ind2=" ">
            <subfield code="a">CSIC001349908</subfield>
          </datafield>
          <datafield tag="035" ind1=" " ind2=" ">
            <subfield code="a">(ES-MaCSI)001349908MAD01-Aleph</subfield>
          </datafield>
          <datafield tag="035" ind1=" " ind2=" ">
            <subfield code="a">(OCoLC)1123904452</subfield>
          </datafield>
          <datafield tag="100" ind1="1" ind2=" ">
            <subfield code="a">Sanūsī, Muḥammad b. Yūsuf al-</subfield>
            <subfield code="d">(ca. 1427-ca. 1490).</subfield>
          </datafield>
          <datafield tag="245" ind1="1" ind2="0">
            <subfield code="a">كتاب المقرب المستوفي في شرح فرايض الحوفي</subfield>
            <subfield code="h">[Manuscrito]</subfield>
            <subfield code="c">/ أبُو عبْد الله مُحمَّد بن يُوسُف السَّنُوسي.</subfield>
          </datafield>
          <datafield tag="260" ind1=" " ind2=" ">
            <subfield code="c">[S. f.].</subfield>
          </datafield>
          <datafield tag="300" ind1=" " ind2=" ">
            <subfield code="a">209 f. ;</subfield>
            <subfield code="c">23 x 18 cm (caja: 17,5 x 11,5 cm).</subfield>
          </datafield>
          <datafield tag="490" ind1="1" ind2=" ">
            <subfield code="a">Manuscripta</subfield>
          </datafield>
          <datafield tag="546" ind1=" " ind2=" ">
            <subfield code="a">Arabe</subfield>
            <subfield code="b">Escritura magrebí</subfield>
          </datafield>
          <datafield tag="500" ind1=" " ind2=" ">
            <subfield code="a">Título transliterado: Kitāb al-muqarrib al-mustawfī fī šarḥ Farāʼiḍ al-Ḥawfī</subfield>
          </datafield>
          <datafield tag="500" ind1=" " ind2=" ">
            <subfield code="a">Distribución: 1 col. (algunos folios llevan insertado tablas y los folios finales del volumen sólo llevan tablas). La mayor parte del volumen tiene 32 líneas por página. Otras varían de número de líneas por página según si llevan tablas o no insertadas.</subfield>
          </datafield>
          <datafield tag="500" ind1=" " ind2=" ">
            <subfield code="a">Material: Papel</subfield>
          </datafield>
          <datafield tag="500" ind1=" " ind2=" ">
            <subfield code="a">Tinta: Marrón y roja</subfield>
          </datafield>
          <datafield tag="500" ind1=" " ind2=" ">
            <subfield code="a">‪Incipit: ‮(بعد البسملة والتصلية) كتاب المقرب المستوفي في شرح فرايض الحوفي للإمام المعظم ابي عبد الله سيدي محمد بن يوسف السنّوسي نفعنا الله به آمين الحمد لله رب العالمين</subfield>
          </datafield>
          <datafield tag="500" ind1=" " ind2=" ">
            <subfield code="a">‪Explicit: عليه في كتابه وعلى جواب السيتاني عن عبد الغافر في شرح التلمساني</subfield>
          </datafield>
          <datafield tag="500" ind1=" " ind2=" ">
            <subfield code="a">Lugar de escritura: No consta</subfield>
          </datafield>
          <datafield tag="500" ind1=" " ind2=" ">
            <subfield code="a">Copista: No consta</subfield>
          </datafield>
          <datafield tag="500" ind1=" " ind2=" ">
            <subfield code="a">Colofón: No consta</subfield>
          </datafield>
          <datafield tag="500" ind1=" " ind2=" ">
            <subfield code="a">Características especiales: Texto sin vocalizar</subfield>
          </datafield>
          <datafield tag="500" ind1=" " ind2=" ">
            <subfield code="a">Ilustración: No</subfield>
          </datafield>
          <datafield tag="500" ind1=" " ind2=" ">
            <subfield code="a">Ilustraciones: Algunas palabras del texto se marcan en tinta roja y los números de algunas tablas también aparecen en rojo.</subfield>
          </datafield>
          <datafield tag="500" ind1=" " ind2=" ">
            <subfield code="a">Tipo de cuaderno: 21 cuads.: 1 bifolio, 2 cuaternión y 18 quiniones; más 11 folios sueltos.</subfield>
          </datafield>
          <datafield tag="500" ind1=" " ind2=" ">
            <subfield code="a">Deterioros: En general, buen estado del texto. - Deterioro severo de la encuadernación. - Descosido de los cuadernos y las tapas están sueltas. - En algunos folios del volumen hay manchas que no afectan al texto. - Desde el folio 121 al 152 se aprecian rotos en el margen inferior, aunque no se puede determinar si son producidos por un mal corte del papel, si es debido a un roedor, etc.</subfield>
          </datafield>
          <datafield tag="500" ind1=" " ind2=" ">
            <subfield code="a">H en blanco: No</subfield>
          </datafield>
          <datafield tag="500" ind1=" " ind2=" ">
            <subfield code="a">H dañadas, mutiladas, sueltas: 11 H sueltas: folios 161, del 170 al 171, 180, del 191 al 194 y del 197 al 199.</subfield>
          </datafield>
          <datafield tag="500" ind1=" " ind2=" ">
            <subfield code="a">H faltan o añadidas: H faltan: faltan algunos folios del final del volumen, pero no se puede determinar su número.</subfield>
          </datafield>
          <datafield tag="500" ind1=" " ind2=" ">
            <subfield code="a">Foliación: Sin foliación original. - Foliación moderna a lápiz hecha por Naima Anahnah (2010)</subfield>
          </datafield>
          <datafield tag="500" ind1=" " ind2=" ">
            <subfield code="a">Reclamos: Reclamos en tinta negra en el margen inferior izquierdo de todos los folios verso.</subfield>
          </datafield>
          <datafield tag="500" ind1=" " ind2=" ">
            <subfield code="a">Sign. cuad.: No</subfield>
          </datafield>
          <datafield tag="500" ind1=" " ind2=" ">
            <subfield code="a">Pautado: Punta seca (casi inapreciable). Líneas rectrices con una regularidad de 5 mm.</subfield>
          </datafield>
          <datafield tag="500" ind1=" " ind2=" ">
            <subfield code="a">Filigrana: No</subfield>
          </datafield>
          <datafield tag="563" ind1=" " ind2=" ">
            <subfield code="a">Encuadernación: Cartera con solapa de cierre en piel roja sobre cartón. La decoración de las tapas está formada por dos recuadros de dos hilos gofrados (es seco) unidos ambos por otro hilo en bisel; el recuadro interior lo decoran tres mosaicos en gofrado dispuesto en vertical. El central es más grande y distinto de los otros dos que le acompañan. El lomo de corte vertical y el lomo están lisos.</subfield>
          </datafield>
          <datafield tag="541" ind1=" " ind2=" ">
            <subfield code="a">Procedencia: Compra</subfield>
            <subfield code="c">[Familia Granados Montoro]</subfield>
            <subfield code="d">Ingreso: 25 de junio de 1986</subfield>
          </datafield>
          <datafield tag="541" ind1=" " ind2=" ">
            <subfield code="d">Ingreso: 25 de Julio de 1986</subfield>
          </datafield>
          <datafield tag="500" ind1=" " ind2=" ">
            <subfield code="a">Signatura antigua: CAJA 2,6</subfield>
          </datafield>
          <datafield tag="500" ind1=" " ind2=" ">
            <subfield code="a">Anotaciones: Frecuentes anotaciones marginales en todo el volumen, tanto del mismo copista como de una mano posterior. Las anotaciones marginales son en su mayoría correcciones que van precedidas de la letra خ. Por otro lado, se inscriben tablas de diferentes formatos en las que se registran las proporciones correspondientes a cada uno de los herederos en una repartición de herencia. También, aparece la palabra قف en tinta roja o marrón encima de algunos vocablos del texto; con esta palabra se hace una llamada de atención sobre los vocablos o contenidos correspondientes. En todas las esquinas superiores izquierdas de los folios recto y las esquinas superiores derechas de los folios verso, aparece la šahāda o confesión de fe musulmana لا إلَـهَ إلى اللهُ مُحمَدٌ رسًُولُ اللهِ o en su otra forma لا إلَـهَ إلى اللهُ مُحمَدٌ عَبد الله ورسوله. Además, en el interior de la solapa de cierre aparece a lápiz el número 14, que probablemente hacía referencia al número de catalogación del volumen antes de su ingreso en la BEEA. Una etiqueta adhesiva blanca en el lomo indica la antigua signatura Caja 2, 6.</subfield>
          </datafield>
          <datafield tag="581" ind1=" " ind2=" ">
            <subfield code="a">Descripción: No</subfield>
          </datafield>
          <datafield tag="530" ind1=" " ind2=" ">
            <subfield code="a">Otros soportes: No</subfield>
          </datafield>
          <datafield tag="581" ind1=" " ind2=" ">
            <subfield code="a">Edición: No</subfield>
          </datafield>
          <datafield tag="510" ind1="0" ind2=" ">
            <subfield code="a">No</subfield>
          </datafield>
          <datafield tag="520" ind1="2" ind2=" ">
            <subfield code="a">Contenido: Kitāb al-muqarrib al-mustawfī fī šarḥ Farāʼiḍ al-Ḥawfī</subfield>
          </datafield>
          <datafield tag="650" ind1=" " ind2="7">
            <subfield code="a">Herencia y sucesión (Derecho islámico)</subfield>
            <subfield code="v">Manuscritos.</subfield>
            <subfield code="2">CSICAU</subfield>
          </datafield>
          <datafield tag="600" ind1="1" ind2="7">
            <subfield code="a">Ḥawfī, Aḥmad b. Muḥammad al-</subfield>
            <subfield code="d">(m. 1192 ó 3)</subfield>
            <subfield code="t">Al-mujtaṣar fī l-farāʼid</subfield>
            <subfield code="x">Crítica e interpretación</subfield>
            <subfield code="v">Manuscritos</subfield>
            <subfield code="2">CSICAU</subfield>
          </datafield>
          <datafield tag="740" ind1="0" ind2=" ">
            <subfield code="a">Kitāb al-muqarrib al-mustawfī fī šarḥ Farāʼiḍ al-Ḥawfī</subfield>
          </datafield>
          <datafield tag="830" ind1=" " ind2="0">
            <subfield code="a">Manuscripta</subfield>
          </datafield>
          <datafield tag="856" ind1="4" ind2="1">
            <subfield code="u">http://aleph.csic.es/imagenes/mad01/0006_PMSC/P_001349908_783340_V00.pdf</subfield>
            <subfield code="z">Descargar Pdf completo (44M)</subfield>
            <subfield code="m">CSIC</subfield>
          </datafield>
          <datafield tag="856" ind1="4" ind2="1">
            <subfield code="u">http://aleph.csic.es/imagenes/mad01/0006_PMSC/html/001349908.html</subfield>
            <subfield code="z">Ver texto completo en Bookreader</subfield>
          </datafield>
          <datafield tag="856" ind1="4" ind2="1">
            <subfield code="u">http://simurg.csic.es/view/296570</subfield>
            <subfield code="z">Acceso a la versión digitalizada en Simurg</subfield>
          </datafield>
          <datafield tag="040" ind1=" " ind2=" ">
            <subfield code="a">ES-MaCSI</subfield>
            <subfield code="b">spa</subfield>
          </datafield>
        </record>
      </metadata>
    </record>