
    <record>
      <header>
        <identifier>oai:alma.34CSIC_INST:990013515970204201</identifier>
        <datestamp>2022-07-01T05:01:55Z</datestamp>
        <setSpec>manuscripta</setSpec>
        <setSpec>csic-bibliografico</setSpec>
      </header>
      <metadata>
        <record xmlns="http://www.loc.gov/MARC21/slim" xmlns:xsi="http://www.w3.org/2001/XMLSchema-instance" xsi:schemaLocation="http://www.loc.gov/MARC21/slim http://www.loc.gov/standards/marcxml/schema/MARC21slim.xsd">
          <leader>05601ntm a2200625 i 4500</leader>
          <controlfield tag="005">20220609123408.0</controlfield>
          <controlfield tag="008">100909n                      000 0 ara d</controlfield>
          <controlfield tag="001">990013515970204201</controlfield>
          <datafield tag="035" ind1=" " ind2=" ">
            <subfield code="a">CSIC001351597</subfield>
          </datafield>
          <datafield tag="035" ind1=" " ind2=" ">
            <subfield code="a">(ES-MaCSI)001351597MAD01-Aleph</subfield>
          </datafield>
          <datafield tag="035" ind1=" " ind2=" ">
            <subfield code="a">(OCoLC)1123662086</subfield>
          </datafield>
          <datafield tag="245" ind1="1" ind2="0">
            <subfield code="a">كتاب في الفقه الإسلامي‭</subfield>
            <subfield code="h">[‭Manuscrito]</subfield>
          </datafield>
          <datafield tag="260" ind1=" " ind2=" ">
            <subfield code="c">[S. f.].</subfield>
          </datafield>
          <datafield tag="300" ind1=" " ind2=" ">
            <subfield code="a">119 f. ;</subfield>
            <subfield code="c">22 x 17 cm (caja: 17,5 x 12 cm).</subfield>
          </datafield>
          <datafield tag="490" ind1="1" ind2=" ">
            <subfield code="a">Manuscripta</subfield>
          </datafield>
          <datafield tag="546" ind1=" " ind2=" ">
            <subfield code="a">Arabe</subfield>
            <subfield code="b">Escritura magrebí</subfield>
          </datafield>
          <datafield tag="500" ind1=" " ind2=" ">
            <subfield code="a">Título transliterado: Kitāb fī l-fiqh al-islāmī</subfield>
          </datafield>
          <datafield tag="500" ind1=" " ind2=" ">
            <subfield code="a">Título tomado de fuente externa</subfield>
          </datafield>
          <datafield tag="500" ind1=" " ind2=" ">
            <subfield code="a">Distribución: 1 col. La mayor parte del volumen tiene 27 líneas por página</subfield>
          </datafield>
          <datafield tag="500" ind1=" " ind2=" ">
            <subfield code="a">Material: Papel</subfield>
          </datafield>
          <datafield tag="500" ind1=" " ind2=" ">
            <subfield code="a">Tinta: Negra y roja</subfield>
          </datafield>
          <datafield tag="500" ind1=" " ind2=" ">
            <subfield code="a">‪Incipit: أخر واختلط عينته القافة انما تدعى القافة اذا تجاهل او ادعيا معا واحدا له نفي الاخر اما اذا ادعى كل واحد</subfield>
          </datafield>
          <datafield tag="500" ind1=" " ind2=" ">
            <subfield code="a">‪Explicit: لكل وارث ربع ما بيده وللأم أربعة الأم لها من الأولى واحد</subfield>
          </datafield>
          <datafield tag="500" ind1=" " ind2=" ">
            <subfield code="a">Lugar de escritura: No consta</subfield>
          </datafield>
          <datafield tag="500" ind1=" " ind2=" ">
            <subfield code="a">Copista: No consta</subfield>
          </datafield>
          <datafield tag="500" ind1=" " ind2=" ">
            <subfield code="a">‪Colofón: No consta</subfield>
          </datafield>
          <datafield tag="500" ind1=" " ind2=" ">
            <subfield code="a">Características especiales: Texto sin vocalizar</subfield>
          </datafield>
          <datafield tag="500" ind1=" " ind2=" ">
            <subfield code="a">Ilustración: No</subfield>
          </datafield>
          <datafield tag="500" ind1=" " ind2=" ">
            <subfield code="a">Ilustraciones: Los epígrafes de los capítulos aparecen en un trazo mucho más grande y alargado que el resto del texto. Mientras que, algunas palabras del texto aparecen subrayadas en tinta roja. En los folios finales aparecen insertadas unas tablas de diferente formato, con datos numéricos relativas a las proporciones que corresponde a cada heredero</subfield>
          </datafield>
          <datafield tag="500" ind1=" " ind2=" ">
            <subfield code="a">Tipo de cuaderno: 12 cuads.: 11 quiniones completos y 1 incompleto. Al quinión incompleto le falta el primer folio, mientras que el último está suelto, quedando de este modo un cuaternión más 1 folio suelto.</subfield>
          </datafield>
          <datafield tag="500" ind1=" " ind2=" ">
            <subfield code="a">Deterioros: Galerías, arrugas, pliegues y manchas de humedad que afectan a todos los folios, lo que ha hecho que se degrade la tinta y a su vez dificulte la lectura del texto. Exfoliación en la esquina inferior del lomo.</subfield>
          </datafield>
          <datafield tag="500" ind1=" " ind2=" ">
            <subfield code="a">H en blanco: No</subfield>
          </datafield>
          <datafield tag="500" ind1=" " ind2=" ">
            <subfield code="a">H dañadas, mutiladas, sueltas: H dañadas: todos los folios están dañados por las manchas de humedad y las galerías</subfield>
          </datafield>
          <datafield tag="500" ind1=" " ind2=" ">
            <subfield code="a">H faltan o añadidas: H Faltan: no se puede precisar con exactitud el total de folios que faltan. Sólo se puede determinar, a partir de la foliación original, que le faltan 257 folios del principio, puesto que el primer folio de la obra conservado es el foliado 258; sin embargo del final no se puede saber ni siquiera de forma aproximada. El volumen es acéfalo y apodo. Además le falta un folio que se ha perdido entre el 100 y el 101.</subfield>
          </datafield>
          <datafield tag="500" ind1=" " ind2=" ">
            <subfield code="a">Foliación: Sin foliación original. - Foliación moderna a lápiz hecha por Naima Anahnah (2010)</subfield>
          </datafield>
          <datafield tag="500" ind1=" " ind2=" ">
            <subfield code="a">Reclamos: Reclamos en tinta marrón en el margen inferior izquierdo de los folios verso. En algunos folios no se puede apreciar el reclamo por el deterioro del papel y de la tinta</subfield>
          </datafield>
          <datafield tag="500" ind1=" " ind2=" ">
            <subfield code="a">Sign. cuad.: No</subfield>
          </datafield>
          <datafield tag="500" ind1=" " ind2=" ">
            <subfield code="a">Pautado: No</subfield>
          </datafield>
          <datafield tag="500" ind1=" " ind2=" ">
            <subfield code="a">Filigrana: Cartela alargada cuyo interior alberga la palabra “PERV” en letras mayúsculas. Racimo de uvas. Cartela alargada con un racimo de uvas debajo y corona de perlas de cinco picos encima. La cartela alberga en su interior las letras “P” y “G” en mayúsculas y separadas por el dibujo de un corazón.</subfield>
          </datafield>
          <datafield tag="563" ind1=" " ind2=" ">
            <subfield code="a">Encuadernación: Carece de encuadernación</subfield>
          </datafield>
          <datafield tag="541" ind1=" " ind2=" ">
            <subfield code="a">Procedencia: Escuela de Estudios Árabes</subfield>
            <subfield code="c">[¿Carlos Quirós Rodríguez?]</subfield>
            <subfield code="d">Ingreso: [198-?]</subfield>
          </datafield>
          <datafield tag="500" ind1=" " ind2=" ">
            <subfield code="a">Signatura antigua: No</subfield>
          </datafield>
          <datafield tag="500" ind1=" " ind2=" ">
            <subfield code="a">Anotaciones: Anotaciones marginales en tinta negra y marrón, algunas de la misma mano del copista y otras de una mano distinta. La anotaciones son para corregir, comentar o enmendar el texto de la obra</subfield>
          </datafield>
          <datafield tag="510" ind1=" " ind2=" ">
            <subfield code="a">No</subfield>
          </datafield>
          <datafield tag="581" ind1=" " ind2=" ">
            <subfield code="a">Descripción: No</subfield>
          </datafield>
          <datafield tag="530" ind1=" " ind2=" ">
            <subfield code="a">Otros soportes: No</subfield>
          </datafield>
          <datafield tag="581" ind1=" " ind2=" ">
            <subfield code="a">Edición: No</subfield>
          </datafield>
          <datafield tag="520" ind1="2" ind2=" ">
            <subfield code="a">Contenido: Kitāb fī l-fiqh al-islāmī [Incompleto, acéfalo y ápodo]</subfield>
          </datafield>
          <datafield tag="650" ind1=" " ind2="7">
            <subfield code="a">Derecho islámico</subfield>
            <subfield code="v">Manuscritos.</subfield>
            <subfield code="2">CSICAU</subfield>
          </datafield>
          <datafield tag="740" ind1="0" ind2=" ">
            <subfield code="a">Kitāb fī l-fiqh al-islāmī</subfield>
          </datafield>
          <datafield tag="830" ind1=" " ind2="0">
            <subfield code="a">Manuscripta</subfield>
          </datafield>
          <datafield tag="856" ind1="4" ind2="1">
            <subfield code="u">http://aleph.csic.es/imagenes/mad01/0006_PMSC/P_001351597_786707_V00.pdf</subfield>
            <subfield code="z">Descargar Pdf completo (46M)</subfield>
            <subfield code="m">CSIC</subfield>
          </datafield>
          <datafield tag="856" ind1="4" ind2="1">
            <subfield code="u">http://aleph.csic.es/imagenes/mad01/0006_PMSC/html/001351597.html</subfield>
            <subfield code="z">Ver texto completo en Bookreader</subfield>
          </datafield>
          <datafield tag="856" ind1="4" ind2="1">
            <subfield code="u">http://simurg.csic.es/view/303318</subfield>
            <subfield code="z">Acceso a la versión digitalizada en Simurg</subfield>
          </datafield>
          <datafield tag="040" ind1=" " ind2=" ">
            <subfield code="a">ES-MaCSI</subfield>
            <subfield code="b">spa</subfield>
          </datafield>
        </record>
      </metadata>
    </record>