
    <record>
      <header>
        <identifier>oai:alma.34CSIC_INST:990013501540204201</identifier>
        <datestamp>2022-07-01T05:01:55Z</datestamp>
        <setSpec>manuscripta</setSpec>
        <setSpec>csic-bibliografico</setSpec>
      </header>
      <metadata>
        <record xmlns="http://www.loc.gov/MARC21/slim" xmlns:xsi="http://www.w3.org/2001/XMLSchema-instance" xsi:schemaLocation="http://www.loc.gov/MARC21/slim http://www.loc.gov/standards/marcxml/schema/MARC21slim.xsd">
          <leader>09941ntm a2200685 i 4500</leader>
          <controlfield tag="005">20220609123410.0</controlfield>
          <controlfield tag="008">100803s17851119              000 0 ara d</controlfield>
          <controlfield tag="001">990013501540204201</controlfield>
          <datafield tag="035" ind1=" " ind2=" ">
            <subfield code="a">CSIC001350154</subfield>
          </datafield>
          <datafield tag="035" ind1=" " ind2=" ">
            <subfield code="a">(ES-MaCSI)001350154MAD01-Aleph</subfield>
          </datafield>
          <datafield tag="035" ind1=" " ind2=" ">
            <subfield code="a">(OCoLC)1123869451</subfield>
          </datafield>
          <datafield tag="130" ind1="0" ind2=" ">
            <subfield code="a">Corán.</subfield>
          </datafield>
          <datafield tag="245" ind1="1" ind2="2">
            <subfield code="a">القرآن‭</subfield>
            <subfield code="h">[‭Manuscrito]</subfield>
          </datafield>
          <datafield tag="260" ind1=" " ind2=" ">
            <subfield code="c">[1785] 1119 de la Hégira.</subfield>
          </datafield>
          <datafield tag="300" ind1=" " ind2=" ">
            <subfield code="a">258 f. ;</subfield>
            <subfield code="c">21,6 x 15,7 cm.</subfield>
          </datafield>
          <datafield tag="490" ind1="1" ind2=" ">
            <subfield code="a">Manuscripta</subfield>
          </datafield>
          <datafield tag="546" ind1=" " ind2=" ">
            <subfield code="a">Arabe</subfield>
            <subfield code="b">Escritura magrebí</subfield>
          </datafield>
          <datafield tag="500" ind1=" " ind2=" ">
            <subfield code="a">Título transliterado: Al-Qurʼān</subfield>
          </datafield>
          <datafield tag="500" ind1=" " ind2=" ">
            <subfield code="a">Distribución: 1 col. La mayor parte del volumen tiene 16 líneas por página. Otras varían desde 10 a 17 líneas. El resto de los cuadernos añadidos al final del volumen, varía de número de líneas por página.</subfield>
          </datafield>
          <datafield tag="500" ind1=" " ind2=" ">
            <subfield code="a">Material: Papel</subfield>
          </datafield>
          <datafield tag="500" ind1=" " ind2=" ">
            <subfield code="a">Tinta:Marrón y roja</subfield>
          </datafield>
          <datafield tag="500" ind1=" " ind2=" ">
            <subfield code="a">‪Incipit: ‫(بعد البسملة والتصلية) سورة الفاتحة مكية بِسْمِ اللهِ الرَّحْمـٰنِ الرَّحِيمْ آلْحَمْدُ ِللهِ رَبِّ آلْعَلَمِِينَ</subfield>
          </datafield>
          <datafield tag="500" ind1=" " ind2=" ">
            <subfield code="a">‪Explicit: الذِي يُوَسْوِسُ فِي صُدُورِ آلْنَّاسِ مِنَ آلْجِنَّةِ وَآلْنَّاسُ</subfield>
          </datafield>
          <datafield tag="500" ind1=" " ind2=" ">
            <subfield code="a">Lugar de escritura: No consta</subfield>
          </datafield>
          <datafield tag="500" ind1=" " ind2=" ">
            <subfield code="a">Fecha completa: sábado 4 šaʽbān 1199 / 12 junio 1785</subfield>
          </datafield>
          <datafield tag="500" ind1=" " ind2=" ">
            <subfield code="a">Copista‮ أحمد بن مبارك :</subfield>
          </datafield>
          <datafield tag="500" ind1=" " ind2=" ">
            <subfield code="a">‪Colofón: كَملت السلكة المباركة بحمد الله وحسن عونه وتوفقه الجمل وصلى الله على سيدنا محمد وءاله وصحبه وسلم تسليما والحمد لله رب العلمين على يد احمد بن مبارك لعميرى المذنب الحاقر الراجي عفو مولاه وغفرانه اللهم اغفر للكاتب والكاسب وللمسلمين والمسلمت ةالمومنين والمومنت والاشياخ والوالدين وصلى الله على سيدنا محمد وءاله عند ضحوة يوم السبت في شهر الله شعبان بعد ان مضت منه اربعة ايام عام تسع وتسعين وماية والفْ</subfield>
          </datafield>
          <datafield tag="500" ind1=" " ind2=" ">
            <subfield code="a">Características especiales: Texto vocalizado</subfield>
          </datafield>
          <datafield tag="500" ind1=" " ind2=" ">
            <subfield code="a">Ilustración: No</subfield>
          </datafield>
          <datafield tag="500" ind1=" " ind2=" ">
            <subfield code="a">Ilustraciones: Entre oraciones, se utilizan esporádicamente tres puntos como los de las letras ث o ش. - En el último tercio del volumen los alif aparecen con un punto rojo a modo de sukūn. - Los títulos de las azoras se marcan con tinta roja y un trazo algo más alargado que el resto.</subfield>
          </datafield>
          <datafield tag="500" ind1=" " ind2=" ">
            <subfield code="a">Filigranas: Caballo ; Letras AGC ; Balanza</subfield>
          </datafield>
          <datafield tag="500" ind1=" " ind2=" ">
            <subfield code="a">Tipo de cuaderno: Los cuadernos están rotos lo que hace difícil contabilizarlos con exactitud; sin embargo, hemos podido identificar los siguientes: 2 bifolios, 1 binión, 3 terniones, 12 cuaterniones, 1 bifolio más un folio en el medio, 1 ternión más 1 folio en el medio, 1 quinión más un folio al final, 18 unidades cada una de ellas formada por dos folios pegados y 8 folios sueltos.</subfield>
          </datafield>
          <datafield tag="500" ind1=" " ind2=" ">
            <subfield code="a">Deterioro: En general buen estado del texto. En los primeros folios del volumen degradaciones severas de tinta que afectan al texto. Los cuadernos están rotos y sueltos.En marzo de 2014, la investigadora Sonsoles González informa de la existencia de hongos en el microscopio electrónico de barrido (SEM), utilizado en el análisis de varios manuscritos para la realización de su tesis doctoral sobre la caracterización material y el estudio codicológico de los manuscritos árabes datados de la colección de la EEA</subfield>
          </datafield>
          <datafield tag="500" ind1=" " ind2=" ">
            <subfield code="a">H en blanco: 169v</subfield>
          </datafield>
          <datafield tag="500" ind1=" " ind2=" ">
            <subfield code="a">H dañadas, mutiladas, sueltas: H dañadas: 6 (folios 5-10).- H sueltas: 8</subfield>
          </datafield>
          <datafield tag="500" ind1=" " ind2=" ">
            <subfield code="a">H faltan o añadidas: H añadidas: desde el folio 191 al 258 que corresponden a cuadernos sueltos de otros Coranes para completar las partes que le faltan al principal.</subfield>
          </datafield>
          <datafield tag="500" ind1=" " ind2=" ">
            <subfield code="a">Foliación: Sin foliación original. - Foliación moderna a lápiz hecha por Naima Anahnah (2010)</subfield>
          </datafield>
          <datafield tag="500" ind1=" " ind2=" ">
            <subfield code="a">Reclamos: Reclamos en tinta negra en el margen inferior izquierdo de todos los folios verso, excepto en el 135v</subfield>
          </datafield>
          <datafield tag="500" ind1=" " ind2=" ">
            <subfield code="a">Sign. cuad.: No</subfield>
          </datafield>
          <datafield tag="500" ind1=" " ind2=" ">
            <subfield code="a">Pautado: No se aprecia</subfield>
          </datafield>
          <datafield tag="500" ind1=" " ind2=" ">
            <subfield code="a">Filigrana: Caballo con montura con la cabeza ladeada y un pata alzada. - Letras A y G en mayúscula. - Balanza</subfield>
          </datafield>
          <datafield tag="563" ind1=" " ind2=" ">
            <subfield code="a">Cartera con solapa de cierre en piel marrón sobre cartón. La decoración de las tapas está formada por tres orlas de rueda gofrada y un con mosaico en el centro de las tapas. La orla central lleva decoración en forma de lacería, mientras que, las otras dos orlas son lisas.</subfield>
          </datafield>
          <datafield tag="541" ind1=" " ind2=" ">
            <subfield code="a">Procedencia: No consta</subfield>
            <subfield code="d">Ingreso: No consta</subfield>
          </datafield>
          <datafield tag="500" ind1=" " ind2=" ">
            <subfield code="a">Signatura antigua: VOL. XXI; A-5-21; 37; XV-6-37</subfield>
          </datafield>
          <datafield tag="500" ind1=" " ind2=" ">
            <subfield code="a">Anotaciones: Se indican las distintas divisiones coránicas (ḥizb, niṣf o rubʽ) en los márgenes en tinta roja. - Del mismo copista son las anotaciones marginales en tinta negra para corregir o enmendar el texto coránico.</subfield>
          </datafield>
          <datafield tag="581" ind1=" " ind2=" ">
            <subfield code="a">Descripción: Catálogo de la Exposición celebrada con motivo del cincuentenario: 1932-1982, Granada, 1982, 16. - Castillo Castillo, C. Manuscritos arábigos que se conservan en la Escuela de Estudios Árabes de Granada. En: Cuadernos de historia del Islam 11 (1984), 216-217. - Manuscritos árabes y fondo antiguo de la Escuela de Estudios Árabes, Granada, 2007, 103. - González García, Sonsoles. Estudio de las encuadernaciones originales datadas de la colección de manuscritos de la Biblioteca de la Escuela de Estudios Árabes de Granada. Granada, 2010. - González García, Sonsoles. Estudio de las encuadernaciones originales datadas de la colección de manuscritos árabes de la Biblioteca de la Escuela de Estudios Árabes de Granada : tesis doctoral, Granada, 2014</subfield>
          </datafield>
          <datafield tag="530" ind1=" " ind2=" ">
            <subfield code="a">No</subfield>
          </datafield>
          <datafield tag="581" ind1=" " ind2=" ">
            <subfield code="a">Edición: No</subfield>
          </datafield>
          <datafield tag="510" ind1="4" ind2=" ">
            <subfield code="a">Catálogo de la Exposición celebrada con motivo del cincuentenario: 1932-1982</subfield>
            <subfield code="c">p. 16</subfield>
          </datafield>
          <datafield tag="510" ind1="4" ind2=" ">
            <subfield code="a">Manuscritos arábigos que se conservan en la Escuela de Estudios Árabes de Granada</subfield>
            <subfield code="a">p. 216-217</subfield>
          </datafield>
          <datafield tag="510" ind1="4" ind2=" ">
            <subfield code="a">Manuscritos árabes y fondo antiguo de la Escuela de Estudios Arabes</subfield>
            <subfield code="c">p. 103</subfield>
          </datafield>
          <datafield tag="520" ind1="2" ind2=" ">
            <subfield code="a">Contiene: Corán incompleto (1r-190v).- Corán parcial (191r-241v).- Corán parcial (242r-247v). - Corán parcial (248r-255v). - Corán parcial (256r-258v)</subfield>
          </datafield>
          <datafield tag="630" ind1="0" ind2="7">
            <subfield code="a">Corán</subfield>
            <subfield code="v">Manuscritos.</subfield>
            <subfield code="2">CSICAU</subfield>
          </datafield>
          <datafield tag="700" ind1="1" ind2=" ">
            <subfield code="a">Ibn Mubārak, Aḥmad,</subfield>
            <subfield code="e">cop.</subfield>
          </datafield>
          <datafield tag="730" ind1="3" ind2=" ">
            <subfield code="a">Al-Qurʼān</subfield>
          </datafield>
          <datafield tag="830" ind1=" " ind2="0">
            <subfield code="a">Manuscripta</subfield>
          </datafield>
          <datafield tag="856" ind1="4" ind2="1">
            <subfield code="u">http://aleph.csic.es/imagenes/mad01/0006_PMSC/P_001350154_783762_V00.pdf</subfield>
            <subfield code="z">Descargar Pdf completo (66M)</subfield>
            <subfield code="m">CSIC</subfield>
          </datafield>
          <datafield tag="856" ind1="4" ind2="1">
            <subfield code="u">http://aleph.csic.es/imagenes/mad01/0006_PMSC/html/001350154.html</subfield>
            <subfield code="z">Ver texto completo en Bookreader</subfield>
          </datafield>
          <datafield tag="856" ind1="4" ind2="1">
            <subfield code="u">http://simurg.csic.es/view/301093</subfield>
            <subfield code="z">Acceso a la versión digitalizada en Simurg</subfield>
          </datafield>
          <datafield tag="040" ind1=" " ind2=" ">
            <subfield code="a">ES-MaCSI</subfield>
            <subfield code="b">spa</subfield>
          </datafield>
        </record>
      </metadata>
    </record>