
    <record>
      <header>
        <identifier>oai:alma.34CSIC_INST:990013520020204201</identifier>
        <datestamp>2022-07-01T05:01:55Z</datestamp>
        <setSpec>manuscripta</setSpec>
        <setSpec>csic-bibliografico</setSpec>
      </header>
      <metadata>
        <record xmlns="http://www.loc.gov/MARC21/slim" xmlns:xsi="http://www.w3.org/2001/XMLSchema-instance" xsi:schemaLocation="http://www.loc.gov/MARC21/slim http://www.loc.gov/standards/marcxml/schema/MARC21slim.xsd">
          <leader>10417ntm a2200949 i 4500</leader>
          <controlfield tag="005">20220609123410.0</controlfield>
          <controlfield tag="008">100917m16751721xx            000 0 ara d</controlfield>
          <controlfield tag="001">990013520020204201</controlfield>
          <datafield tag="035" ind1=" " ind2=" ">
            <subfield code="a">CSIC001352002</subfield>
          </datafield>
          <datafield tag="035" ind1=" " ind2=" ">
            <subfield code="a">(ES-MaCSI)001352002MAD01-Aleph</subfield>
          </datafield>
          <datafield tag="035" ind1=" " ind2=" ">
            <subfield code="a">(OCoLC)1124060290</subfield>
          </datafield>
          <datafield tag="245" ind1="1" ind2="0">
            <subfield code="a">مجموعة مؤلفات حول مواضيع عدة‭</subfield>
            <subfield code="h">[‭Manuscrito]</subfield>
          </datafield>
          <datafield tag="260" ind1=" " ind2=" ">
            <subfield code="c">[1675-1721?].</subfield>
          </datafield>
          <datafield tag="300" ind1=" " ind2=" ">
            <subfield code="a">210 f. ;</subfield>
            <subfield code="c">18,6 x 14,3 cm.</subfield>
          </datafield>
          <datafield tag="490" ind1="1" ind2=" ">
            <subfield code="a">Manuscripta</subfield>
          </datafield>
          <datafield tag="546" ind1=" " ind2=" ">
            <subfield code="a">Arabe</subfield>
            <subfield code="b">Escritura magrebí</subfield>
          </datafield>
          <datafield tag="500" ind1=" " ind2=" ">
            <subfield code="a">Título transliterado: Maŷmūʽat muʼallafāt ḥawla mawāḍīʽ ʽidda</subfield>
          </datafield>
          <datafield tag="500" ind1=" " ind2=" ">
            <subfield code="a">Título facticio provisional</subfield>
          </datafield>
          <datafield tag="500" ind1=" " ind2=" ">
            <subfield code="a">Distribución:</subfield>
          </datafield>
          <datafield tag="500" ind1=" " ind2=" ">
            <subfield code="a">Material: Papel</subfield>
          </datafield>
          <datafield tag="500" ind1=" " ind2=" ">
            <subfield code="a">Tinta: Negra, marrón, roja y verde</subfield>
          </datafield>
          <datafield tag="500" ind1=" " ind2=" ">
            <subfield code="a">Ilustración: No</subfield>
          </datafield>
          <datafield tag="500" ind1=" " ind2=" ">
            <subfield code="a">Tipo de cuaderno: 20 cuads.: 2 bifolios, 1 cuaternión, 17 quiniones y 1 sextnión incompleto (le faltan los 2 últimos folios); más 18 folios sueltos</subfield>
          </datafield>
          <datafield tag="500" ind1=" " ind2=" ">
            <subfield code="a">Deterioros: En general, buen estado del texto. La encuadernación se ha despegado y muchos folios están sueltos. En algunos folios hay galerías, manchas y degradaciones de tinta que en ocasiones afectan al texto.En marzo de 2014, la investigadora Sonsoles González informa de la existencia de hongos en el microscopio electrónico de barrido (SEM), utilizado en el análisis de varios manuscritos para la realización de su tesis doctoral sobre la caracterización material y el estudio codicológico de los manuscritos árabes datados de la colección de la EEA</subfield>
          </datafield>
          <datafield tag="500" ind1=" " ind2=" ">
            <subfield code="a">H en blanco: 4 H en blanco: 5v, 6r, 55v y 101r</subfield>
          </datafield>
          <datafield tag="500" ind1=" " ind2=" ">
            <subfield code="a">H sueltas: 19 H sueltas que corresponden a los intervalos: 1-2, 78-79, 83-87, 96-101, 111-112, 119-121 y el folio 161; más el cuaderno 88-95. - H dañadas: Varios folios del volumen tienen galerías o roturas, pero destacan especialmente los folios 81 y 82 que tienen una rotura en diagonal que va desde el margen superior izquierdo hasta la mitad del folio; además del folio 170 al que le falta la mitad inferior y que parece que se restauró con anterioridad.</subfield>
          </datafield>
          <datafield tag="500" ind1=" " ind2=" ">
            <subfield code="a">H faltan o añadidas: N</subfield>
          </datafield>
          <datafield tag="500" ind1=" " ind2=" ">
            <subfield code="a">Foliación: Sin foliación original. - Foliación moderna a lápiz hecha por Naima Anahnah (2010)</subfield>
          </datafield>
          <datafield tag="500" ind1=" " ind2=" ">
            <subfield code="a">Reclamos: Punta seca (casi inapreciable).</subfield>
          </datafield>
          <datafield tag="500" ind1=" " ind2=" ">
            <subfield code="a">Sign. cuad.: No</subfield>
          </datafield>
          <datafield tag="500" ind1=" " ind2=" ">
            <subfield code="a">Pautado: No</subfield>
          </datafield>
          <datafield tag="500" ind1=" " ind2=" ">
            <subfield code="a">Filigrana: Campanas (3) : Corona de perlas encima de una cartela alargada que contiene unas letras en mayúsculas de las que sólo se distinguen “CAV” y “ME”, precedidas y seguidas de una flor de cuatro pétalos. Debajo de la cartela hay una campana que alberga una nuez cuyo interior lo ocupa una flor de cuatro pétalos. Corona de cinco picos encima de una cartela alargada cuyo contenido interior no se aprecia. Debajo de la cartela se aprecia una campana. Corona de cinco picos encima de una cartela alargada cuyo contenido interior no se aprecia. Debajo de la cartela se aprecia una campana. Filigrana parcial de un escudo. Corona de perlas encima de una cartela alargada que contiene unas letras en mayúsculas de las que sólo se distingue una “M” y una flor de cuatro pétalos. Debajo de la cartela hay una campana cuyo interior lo atraviesan dos líneas horizontales. Escudos (2) : Escudo ovalado flanqueado por un león a cada lado y cuyo interior alberga una cruz ahuecada. Debajo del escudo hay dos circunferencias dispuestas una debajo de otra. La circunferencia central alberga el dígito dos en números romanos “II”; mientras que, la otra circunferencia alberga las letras “LM” en mayúsculas. Jarrón con asa del que sobresale una flor de cinco pétalos cada uno de ellos rematado en tres pequeñas circunferencias dispuestas e forma piramidal. El pétalo central remata en otra flor de cuatro pétalos. Tres circunferencias dispuestas una debajo de otra y coronadas con una cruz ahuecada. La circunferencia superior alberga una media luna mientras que la central contiene las letras "LM" en mayúsculas y la inferior una flor de seis pétalos.</subfield>
          </datafield>
          <datafield tag="500" ind1=" " ind2=" ">
            <subfield code="a">Códice facticio formado por distintos manuscritos de fechas y copistas diversos [Fuente: Dr. Luis Molina]</subfield>
          </datafield>
          <datafield tag="563" ind1=" " ind2=" ">
            <subfield code="a">Encuadernación: Cartera con solapa de cierre en piel marrón oscuro y con mosaico también en piel marrón oscuro. La decoración de la tapa está formada por dos orlas de rueda gofrada separadas por entrecalle decorado con una lacería. El lomo esta liso y el lomo de corte vertical esta decorado con motivos florales.</subfield>
          </datafield>
          <datafield tag="541" ind1=" " ind2=" ">
            <subfield code="a">Compra</subfield>
            <subfield code="c">[Familia Granados Montoro]</subfield>
            <subfield code="d">Ingreso: 25 de junio de 1986</subfield>
          </datafield>
          <datafield tag="500" ind1=" " ind2=" ">
            <subfield code="a">Signatura antigua: VOL. XXIV ; CAJA 1-3</subfield>
          </datafield>
          <datafield tag="500" ind1=" " ind2=" ">
            <subfield code="a">Anotaciones: No</subfield>
          </datafield>
          <datafield tag="510" ind1="0" ind2=" ">
            <subfield code="a">No</subfield>
          </datafield>
          <datafield tag="581" ind1=" " ind2=" ">
            <subfield code="a">Descripción: González García, Sonsoles. Estudio de las encuadernaciones originales datadas de la colección de manuscritos de la Biblioteca de la Escuela de Estudios Árabes de Granada. Granada, 2010. - González García, Sonsoles. Estudio de las encuadernaciones originales datadas de la colección de manuscritos árabes de la Biblioteca de la Escuela de Estudios Árabes de Granada : tesis doctoral, Granada, 2014</subfield>
          </datafield>
          <datafield tag="530" ind1=" " ind2=" ">
            <subfield code="a">Otros soportes: No</subfield>
          </datafield>
          <datafield tag="581" ind1=" " ind2=" ">
            <subfield code="a">Edición: González García, Sonsoles. Estudio de las encuadernaciones originales datadas de la colección de manuscritos de la Biblioteca de la Escuela de Estudios Árabes de Granada. Granada, 2010.</subfield>
          </datafield>
          <datafield tag="520" ind1="2" ind2=" ">
            <subfield code="a">Contenido: Šarḥ mā naḍama [sic] man taqaddamā min udabāʼ al-ʽulamā Muṯallaṯā li-Quṭrub (1r-2v) [s. f.] .- Al-maqṣūr wa-l-mamdūd (3r-5r) [s. f.] . - Šarḥ al-ʽAqīda al-ṣugrà (6v-52v) [1721] 1133 de la Hégira. - Al-Muqniʽ fī ʽilm Abī Muqriʽ (53r-55r) [s. f.]. - Awrāq ʽalà Umm al-barāhin [sic] (56r-79v) [1675] 1086 de la Hégira. - Šārḥ li-alfāẓ āl-Ŷurrūmiyya (80r-100v) [1676] 1086 de la Hégira. - Kitāb fī l-basmala (101v-110v) [s. f.]. - Kitāb al-tanwīr fī isqāṭ al-tadbīr (111r-210v) [1715] 1127 de la Hégira</subfield>
          </datafield>
          <datafield tag="650" ind1=" " ind2="7">
            <subfield code="a">Arabe</subfield>
            <subfield code="x">Versificación</subfield>
            <subfield code="v">Manuscritos.</subfield>
            <subfield code="2">CSICAU</subfield>
          </datafield>
          <datafield tag="650" ind1=" " ind2="7">
            <subfield code="a">Astronomía árabe</subfield>
            <subfield code="v">Manuscritos.</subfield>
            <subfield code="2">CSICAU</subfield>
          </datafield>
          <datafield tag="650" ind1=" " ind2="7">
            <subfield code="a">Astrología árabe</subfield>
            <subfield code="v">Manuscritos.</subfield>
            <subfield code="2">CSICAU</subfield>
          </datafield>
          <datafield tag="650" ind1=" " ind2="7">
            <subfield code="a">Lógica</subfield>
            <subfield code="v">Manuscritos.</subfield>
            <subfield code="2">CSICAU</subfield>
          </datafield>
          <datafield tag="650" ind1=" " ind2="7">
            <subfield code="a">Arabe</subfield>
            <subfield code="x">Gramática</subfield>
            <subfield code="v">Manuscritos.</subfield>
            <subfield code="2">CSICAU</subfield>
          </datafield>
          <datafield tag="650" ind1=" " ind2="7">
            <subfield code="a">Basmala</subfield>
            <subfield code="v">Manuscritos</subfield>
            <subfield code="2">CSICAU</subfield>
          </datafield>
          <datafield tag="650" ind1=" " ind2="7">
            <subfield code="a">Islam</subfield>
            <subfield code="x">Doctrinas</subfield>
            <subfield code="v">Manuscritos.</subfield>
            <subfield code="2">CSICAU</subfield>
          </datafield>
          <datafield tag="650" ind1=" " ind2="7">
            <subfield code="a">Sufismo</subfield>
            <subfield code="v">Manuscritos.</subfield>
            <subfield code="2">CSICAU</subfield>
          </datafield>
          <datafield tag="700" ind1="1" ind2=" ">
            <subfield code="a">Magribī, `Abd al-`Azīz al-</subfield>
          </datafield>
          <datafield tag="700" ind1="1" ind2=" ">
            <subfield code="a">Margīṯī, Muḥammad b. Sa`īd al-</subfield>
            <subfield code="d">(1598 ó 9-1678 ó 9).</subfield>
          </datafield>
          <datafield tag="700" ind1="1" ind2=" ">
            <subfield code="a">Faḥṣī, Muḥammad al-</subfield>
          </datafield>
          <datafield tag="700" ind1="1" ind2=" ">
            <subfield code="a">Azharī, Jālid b. `Abd Allāh al-</subfield>
            <subfield code="d">(m. 1499).</subfield>
          </datafield>
          <datafield tag="700" ind1="1" ind2=" ">
            <subfield code="a">Suyūṭī, `Abd al-Raḥmān b. Abī Bakr al-</subfield>
            <subfield code="d">(1445-1505).</subfield>
          </datafield>
          <datafield tag="700" ind1="1" ind2=" ">
            <subfield code="a">Ibn `Aṭā’ Allāh, Aḥmad b. Muḥammad,</subfield>
            <subfield code="d">(m. 1309).</subfield>
          </datafield>
          <datafield tag="700" ind1="1" ind2=" ">
            <subfield code="a">Ibn Durayd, Muḥammad b. al-Ḥasan,</subfield>
            <subfield code="d">(837 ó 8-933).</subfield>
          </datafield>
          <datafield tag="700" ind1="1" ind2=" ">
            <subfield code="a">Sanūsī, Muḥammad b. Yūsuf al-</subfield>
            <subfield code="d">(ca. 1427-ca. 1490).</subfield>
          </datafield>
          <datafield tag="740" ind1="0" ind2=" ">
            <subfield code="a">Maŷmūʽat muʼallafāt ḥawla mawāḍīʽ ʽidda</subfield>
          </datafield>
          <datafield tag="740" ind1="0" ind2=" ">
            <subfield code="a">شَرْحُ مَا نَضَم[sic] مَنْ تَقَدَّمَا مِنْ أدباء العُلَمَا مثلثا لقُطرب</subfield>
          </datafield>
          <datafield tag="740" ind1="0" ind2=" ">
            <subfield code="a">Šarḥ mā naḍama [sic] man taqaddamā min udabāʼ al-ʽulamā Muṯallaṯā li-Quṭrub</subfield>
          </datafield>
          <datafield tag="740" ind1="0" ind2=" ">
            <subfield code="a">شرح مثلث قطر</subfield>
          </datafield>
          <datafield tag="740" ind1="0" ind2=" ">
            <subfield code="a">Šarḥ Muṯallaṯ Quṭrub</subfield>
          </datafield>
          <datafield tag="740" ind1="2" ind2=" ">
            <subfield code="a">المقنع في علم أبي مقرع</subfield>
          </datafield>
          <datafield tag="740" ind1="3" ind2=" ">
            <subfield code="a">Al-muqniʽ fī ʽilm Abī Muqriʽ</subfield>
          </datafield>
          <datafield tag="740" ind1="0" ind2=" ">
            <subfield code="a">‮أوراق على أم البراهن [cis]</subfield>
          </datafield>
          <datafield tag="740" ind1="0" ind2=" ">
            <subfield code="a">Awrāq ʽalà Umm al-barāhin [sic]</subfield>
          </datafield>
          <datafield tag="740" ind1="0" ind2=" ">
            <subfield code="a">شرح لألفاظ الجروميّة</subfield>
          </datafield>
          <datafield tag="740" ind1="0" ind2=" ">
            <subfield code="a">Šārḥ li-alfāẓ al-Ŷurrūmiyya</subfield>
          </datafield>
          <datafield tag="740" ind1="0" ind2=" ">
            <subfield code="a">كتاب في البسملة</subfield>
          </datafield>
          <datafield tag="740" ind1="0" ind2=" ">
            <subfield code="a">Kitāb fī l-basmala</subfield>
          </datafield>
          <datafield tag="740" ind1="0" ind2=" ">
            <subfield code="a">كتاب التنوير في اسقاط التدبير</subfield>
          </datafield>
          <datafield tag="740" ind1="0" ind2=" ">
            <subfield code="a">Kitāb al-tanwīr fī isqāṭ al-tadbīr</subfield>
          </datafield>
          <datafield tag="740" ind1="2" ind2=" ">
            <subfield code="a">المَقْصُور والْمَمْدُودِ</subfield>
          </datafield>
          <datafield tag="740" ind1="3" ind2=" ">
            <subfield code="a">Al-maqṣūr wa al-mamdūd</subfield>
          </datafield>
          <datafield tag="740" ind1="0" ind2=" ">
            <subfield code="a">شرح العقيدة الصغرى</subfield>
          </datafield>
          <datafield tag="740" ind1="0" ind2=" ">
            <subfield code="a">Šarḥ al-ʽAqīda al-ṣugrà</subfield>
          </datafield>
          <datafield tag="830" ind1=" " ind2="0">
            <subfield code="a">Manuscripta</subfield>
          </datafield>
          <datafield tag="856" ind1="4" ind2="1">
            <subfield code="u">http://aleph.csic.es/imagenes/mad01/0006_PMSC/P_001352002_787439_V00.pdf</subfield>
            <subfield code="z">Descargar Pdf completo (50M)</subfield>
            <subfield code="m">CSIC</subfield>
          </datafield>
          <datafield tag="856" ind1="4" ind2="1">
            <subfield code="u">http://aleph.csic.es/imagenes/mad01/0006_PMSC/html/001352002.html</subfield>
            <subfield code="z">Ver texto completo en Bookreader</subfield>
          </datafield>
          <datafield tag="856" ind1="4" ind2="1">
            <subfield code="u">http://simurg.csic.es/view/304384</subfield>
            <subfield code="z">Acceso a la versión digitalizada en Simurg</subfield>
          </datafield>
          <datafield tag="040" ind1=" " ind2=" ">
            <subfield code="a">ES-MaCSI</subfield>
            <subfield code="b">spa</subfield>
          </datafield>
        </record>
      </metadata>
    </record>