
    <record>
      <header>
        <identifier>oai:alma.34CSIC_INST:990013543460204201</identifier>
        <datestamp>2022-07-01T05:01:55Z</datestamp>
        <setSpec>manuscripta</setSpec>
        <setSpec>csic-bibliografico</setSpec>
      </header>
      <metadata>
        <record xmlns="http://www.loc.gov/MARC21/slim" xmlns:xsi="http://www.w3.org/2001/XMLSchema-instance" xsi:schemaLocation="http://www.loc.gov/MARC21/slim http://www.loc.gov/standards/marcxml/schema/MARC21slim.xsd">
          <leader>04857ntm a2200601 i 4500</leader>
          <controlfield tag="005">20220609123429.0</controlfield>
          <controlfield tag="008">101025sn                     000 0 ara d</controlfield>
          <controlfield tag="001">990013543460204201</controlfield>
          <datafield tag="035" ind1=" " ind2=" ">
            <subfield code="a">CSIC001354346</subfield>
          </datafield>
          <datafield tag="035" ind1=" " ind2=" ">
            <subfield code="a">(ES-MaCSI)001354346MAD01-Aleph</subfield>
          </datafield>
          <datafield tag="245" ind1="1" ind2="0">
            <subfield code="a">بيان موجز عن العلماء المعتبرين‭</subfield>
            <subfield code="h">[‭Manuscrito]</subfield>
          </datafield>
          <datafield tag="260" ind1=" " ind2=" ">
            <subfield code="c">[S. f.].</subfield>
          </datafield>
          <datafield tag="300" ind1=" " ind2=" ">
            <subfield code="a">4 f. ;</subfield>
            <subfield code="c">21,5 x 15,5 cm. (caja: 21 x 11,5 cm.).</subfield>
          </datafield>
          <datafield tag="490" ind1="1" ind2=" ">
            <subfield code="a">Manuscripta</subfield>
          </datafield>
          <datafield tag="546" ind1=" " ind2=" ">
            <subfield code="a">Arabe</subfield>
            <subfield code="b">Escritura magrebí</subfield>
          </datafield>
          <datafield tag="500" ind1=" " ind2=" ">
            <subfield code="a">Título transliterado: Bayān mūŷaz ʽan al-ʽulamaʼ al-muʽtabarīn</subfield>
          </datafield>
          <datafield tag="500" ind1=" " ind2=" ">
            <subfield code="a">Distribución: 1 col. La mayoría de los folios tienen 21 líneas por página. Otras varían de 18 a 22 líneas por página.</subfield>
          </datafield>
          <datafield tag="500" ind1=" " ind2=" ">
            <subfield code="a">Material: Papel</subfield>
          </datafield>
          <datafield tag="500" ind1=" " ind2=" ">
            <subfield code="a">Tinta: Negra</subfield>
          </datafield>
          <datafield tag="500" ind1=" " ind2=" ">
            <subfield code="a">‪Incipit: الحسني العلوي ادام الله بركته وعظم قدره ورفع درجته</subfield>
          </datafield>
          <datafield tag="500" ind1=" " ind2=" ">
            <subfield code="a">‪Explicit: الخيرات والحمد لله رب العالمين</subfield>
          </datafield>
          <datafield tag="500" ind1=" " ind2=" ">
            <subfield code="a">Lugar de escritura: No consta</subfield>
          </datafield>
          <datafield tag="500" ind1=" " ind2=" ">
            <subfield code="a">Copista: No consta</subfield>
          </datafield>
          <datafield tag="500" ind1=" " ind2=" ">
            <subfield code="a">‪Colofón: No consta</subfield>
          </datafield>
          <datafield tag="500" ind1=" " ind2=" ">
            <subfield code="a">Características especiales: Texto sin vocalizar</subfield>
          </datafield>
          <datafield tag="500" ind1=" " ind2=" ">
            <subfield code="a">Ilustración: No</subfield>
          </datafield>
          <datafield tag="500" ind1=" " ind2=" ">
            <subfield code="a">Ilustraciones: No</subfield>
          </datafield>
          <datafield tag="500" ind1=" " ind2=" ">
            <subfield code="a">Tipo de cuaderno: 1 cuad.: 1 binión.</subfield>
          </datafield>
          <datafield tag="500" ind1=" " ind2=" ">
            <subfield code="a">Deterioros: Galerías, pliegues, manchas de humedad que afectan a todos los folios y exfoliación de la esquina inferior derecha del cuaderno siguiendo la orientación de la lectura del árabe. El texto se lee con cierta dificultad.</subfield>
          </datafield>
          <datafield tag="500" ind1=" " ind2=" ">
            <subfield code="a">H en blanco: No</subfield>
          </datafield>
          <datafield tag="500" ind1=" " ind2=" ">
            <subfield code="a">H dañadas, mutiladas, sueltas: H dañadas: todos los folios están afectados por la mancha de humedad y la exfoliación.</subfield>
          </datafield>
          <datafield tag="500" ind1=" " ind2=" ">
            <subfield code="a">H faltan o añadidas: no se puede precisar con exactitud el total de folios que le faltan.</subfield>
          </datafield>
          <datafield tag="500" ind1=" " ind2=" ">
            <subfield code="a">Foliación: Sin foliación original. Foliación moderna a lápiz hecha por Naima Anahnah (2010).</subfield>
          </datafield>
          <datafield tag="500" ind1=" " ind2=" ">
            <subfield code="a">Reclamos: No</subfield>
          </datafield>
          <datafield tag="500" ind1=" " ind2=" ">
            <subfield code="a">Sign. cuad.: No</subfield>
          </datafield>
          <datafield tag="500" ind1=" " ind2=" ">
            <subfield code="a">Pautado: No</subfield>
          </datafield>
          <datafield tag="500" ind1=" " ind2=" ">
            <subfield code="a">Filigrana: Escudo ovalado bordeado de ramas y cuyo interior alberga la palabra “MICOPO” en mayúsculas La palabra “Bozzano” en letras mayúsculas ahuecadas.</subfield>
          </datafield>
          <datafield tag="563" ind1=" " ind2=" ">
            <subfield code="a">Encuadernación: Carece de encuadernación</subfield>
          </datafield>
          <datafield tag="541" ind1=" " ind2=" ">
            <subfield code="a">Procedencia: Escuela de Estudios Árabes</subfield>
            <subfield code="c">[¿Carlos Quirós Rodríguez?]</subfield>
            <subfield code="d">Ingreso: [198-?]</subfield>
          </datafield>
          <datafield tag="500" ind1=" " ind2=" ">
            <subfield code="a">Signatura antigua: No</subfield>
          </datafield>
          <datafield tag="500" ind1=" " ind2=" ">
            <subfield code="a">Anotaciones: Anotaciones en el margen superior izquierda de todos los folios recto y derecha de los folios verso del epígrafe: اللهم الاعانة بجاه سيدنا محمّد صلى الله عليه وعلى آله وصحبه o su variante اللهم الاعانة بجاه سيدنا ومولانا محمّد صلى الله عليه وعلى آله وصحبه.</subfield>
          </datafield>
          <datafield tag="510" ind1=" " ind2=" ">
            <subfield code="a">No</subfield>
          </datafield>
          <datafield tag="581" ind1=" " ind2=" ">
            <subfield code="a">Descripción: No</subfield>
          </datafield>
          <datafield tag="530" ind1=" " ind2=" ">
            <subfield code="a">Otros soportes: No</subfield>
          </datafield>
          <datafield tag="581" ind1=" " ind2=" ">
            <subfield code="a">Edición: No</subfield>
          </datafield>
          <datafield tag="520" ind1="2" ind2=" ">
            <subfield code="a">Contenido: Bayān mūŷaz ʽan al-ʽulamaʼ al-muʽtabarīn [Incompleto, acéfalo y ápodo]</subfield>
          </datafield>
          <datafield tag="650" ind1=" " ind2="7">
            <subfield code="a">Ulemas</subfield>
            <subfield code="v">Biografías</subfield>
            <subfield code="v">Manuscritos.</subfield>
            <subfield code="2">CSICAU</subfield>
          </datafield>
          <datafield tag="740" ind1="0" ind2=" ">
            <subfield code="a">Bayān mūŷaz ʽan al-ʽulamaʼ al-muʽtabarīn</subfield>
          </datafield>
          <datafield tag="830" ind1=" " ind2="0">
            <subfield code="a">Manuscripta</subfield>
          </datafield>
          <datafield tag="856" ind1="4" ind2="1">
            <subfield code="u">http://aleph.csic.es/imagenes/mad01/0006_PMSC/P_001354346_791748_V00.pdf</subfield>
            <subfield code="z">Descargar Pdf completo (1.3M)</subfield>
            <subfield code="m">CSIC</subfield>
          </datafield>
          <datafield tag="856" ind1="4" ind2="1">
            <subfield code="u">http://aleph.csic.es/imagenes/mad01/0006_PMSC/html/001354346.html</subfield>
            <subfield code="z">Ver texto completo en Bookreader</subfield>
          </datafield>
          <datafield tag="856" ind1="4" ind2="1">
            <subfield code="u">http://simurg.csic.es/view/305891</subfield>
            <subfield code="z">Acceso a la versión digitalizada en Simurg</subfield>
          </datafield>
          <datafield tag="040" ind1=" " ind2=" ">
            <subfield code="a">ES-MaCSI</subfield>
            <subfield code="b">spa</subfield>
          </datafield>
        </record>
      </metadata>
    </record>