
    <record>
      <header>
        <identifier>oai:alma.34CSIC_INST:990013500780204201</identifier>
        <datestamp>2022-07-01T05:01:55Z</datestamp>
        <setSpec>manuscripta</setSpec>
        <setSpec>csic-bibliografico</setSpec>
      </header>
      <metadata>
        <record xmlns="http://www.loc.gov/MARC21/slim" xmlns:xsi="http://www.w3.org/2001/XMLSchema-instance" xsi:schemaLocation="http://www.loc.gov/MARC21/slim http://www.loc.gov/standards/marcxml/schema/MARC21slim.xsd">
          <leader>09534ntm a2200817 i 4500</leader>
          <controlfield tag="005">20220609123411.0</controlfield>
          <controlfield tag="008">100802m17191720xx            000 0 ara d</controlfield>
          <controlfield tag="001">990013500780204201</controlfield>
          <datafield tag="035" ind1=" " ind2=" ">
            <subfield code="a">CSIC001350078</subfield>
          </datafield>
          <datafield tag="035" ind1=" " ind2=" ">
            <subfield code="a">(ES-MaCSI)001350078MAD01-Aleph</subfield>
          </datafield>
          <datafield tag="035" ind1=" " ind2=" ">
            <subfield code="a">(OCoLC)1123785734</subfield>
          </datafield>
          <datafield tag="245" ind1="1" ind2="0">
            <subfield code="a">مجموعة مؤلفات في الشعر وعلم المنطق‭</subfield>
            <subfield code="h">[‭Manuscrito]</subfield>
          </datafield>
          <datafield tag="260" ind1=" " ind2=" ">
            <subfield code="c">[17..?].</subfield>
          </datafield>
          <datafield tag="300" ind1=" " ind2=" ">
            <subfield code="a">190 f. (más 3 notas sueltas, de los que 187 están foliados y 3 no. Los no foliados corresponden al folio 1, al folio entre el 134 y 135, y al folio entre el 172 y 173) y con guardas al principio y al final. ;</subfield>
            <subfield code="c">21,5 x 15,2 cm.</subfield>
          </datafield>
          <datafield tag="490" ind1="1" ind2=" ">
            <subfield code="a">Manuscripta</subfield>
          </datafield>
          <datafield tag="500" ind1=" " ind2=" ">
            <subfield code="a">La fecha se ha tomado de la única obra del códice que está datada: Risāla fī taḥqīq al-kulliyyāt (3v-7v)</subfield>
          </datafield>
          <datafield tag="546" ind1=" " ind2=" ">
            <subfield code="a">Arabe</subfield>
            <subfield code="b">Escritura nasjí</subfield>
          </datafield>
          <datafield tag="500" ind1=" " ind2=" ">
            <subfield code="a">Título transliterado: Maŷmūʽat muʼallafat fi l-šiʽr wa-ʽilm al-manṭiq</subfield>
          </datafield>
          <datafield tag="500" ind1=" " ind2=" ">
            <subfield code="a">Título facticio</subfield>
          </datafield>
          <datafield tag="500" ind1=" " ind2=" ">
            <subfield code="a">Distribución: 1 col. Dependiendo de la obra el número de líneas por página varía, entre 12 y 20 líneas.</subfield>
          </datafield>
          <datafield tag="500" ind1=" " ind2=" ">
            <subfield code="a">Material: Papel</subfield>
          </datafield>
          <datafield tag="500" ind1=" " ind2=" ">
            <subfield code="a">Tipo de cuaderno: 19 cuads.: contiene 1 cuaternión, 17 quiniones y 1 sextnión</subfield>
          </datafield>
          <datafield tag="500" ind1=" " ind2=" ">
            <subfield code="a">Deterioros: Buen estado en general. - Se ha descosido y algunos cuadernos estás sueltos. - En los últimos folios del volumen algunas manchas y degradaciones leves de tinta que no afectan al texto</subfield>
          </datafield>
          <datafield tag="500" ind1=" " ind2=" ">
            <subfield code="a">H en blanco: 12 H en blanco más el verso del folio 11</subfield>
          </datafield>
          <datafield tag="500" ind1=" " ind2=" ">
            <subfield code="a">H dañadas, mutiladas, sueltas: H mutiladas: las 2 primeras del volumen. H dañadas: los folios comprendidos entre el 172 y el 176 por la degradación severa de la tinta ferrogálica que dificulta la lectura del texto.</subfield>
          </datafield>
          <datafield tag="500" ind1=" " ind2=" ">
            <subfield code="a">H faltan o añadidas: H faltan: No se puede determinar con exactitud cuantas hojas le faltan a la obra Kitāb Qawl [sic] Aḥmad Ḥāšiyatu-hu ʽalà l-munlà l-Fanārī ni a la obra Al-Ḥawāšī ʽalà Qūl Aḥmad.</subfield>
          </datafield>
          <datafield tag="500" ind1=" " ind2=" ">
            <subfield code="a">Foliación: Tiene tres foliaciones distintas. - La primera, que comprende los folios 2 al 101 aparece en tinta negra en números hindi en el margen superior izquierdo. - La segunda abarca desde el folio 102 al 118 y aparece en números hindī a lápiz, unas veces centrado y otras en el lateral izquierdo del margen superior. - La tercera contiene los folios el 119 al 188 y es foliación moderna cuyo autor se desconoce.</subfield>
          </datafield>
          <datafield tag="500" ind1=" " ind2=" ">
            <subfield code="a">Reclamos: Reclamo en tinta negra en el margen inferior izquierdo del folio 1v.</subfield>
          </datafield>
          <datafield tag="500" ind1=" " ind2=" ">
            <subfield code="a">Sign. cuad.: No</subfield>
          </datafield>
          <datafield tag="500" ind1=" " ind2=" ">
            <subfield code="a">Pautado: Punta seca (casi inapreciable).</subfield>
          </datafield>
          <datafield tag="500" ind1=" " ind2=" ">
            <subfield code="a">Filigrana: Letras “IB” en mayúsculas ahuecadas. Corona de cinco picos encima de una cartela alargada que contiene “VI”. Corona de cinco picos encima de una cartela alargada que contiene las letras “M” y “II” en letras mayúsculas, separadas por un corazón. Debajo de la cartela hay un gancho del que cuelga un racimo de uvas. Corona de cinco picos encima de una cartela alargada vacia. Corona de cinco picos encima de una cartela alargada cuyo interior alberga la letras “PDSL” Escudo cuya mitad superior lo ocupan tres flores y la inferior lo ocupa un león con las dos patas delanteras alzadas. El escudo está bordeado por dos ramas que se entrelazan en su parte inferior y superior. En posición vertical, colocados uno encima de otro una corona de tres picos, una estrella de seis puntas y una media luna. Contrafiligrana: Letras “L” y “E” unidas por medio de un trazo horizontal. Contrafiligrana parcial de la que se aprecia sólo una “B” en mayúscula. Contrafiligrana: se aprecia un “8” a gran tamaño. Corona de tres picos. Tres medias lunas una encima de otra y de tamaño decreciente. Contrafiligrana: se aprecia una “Z” en letra mayúscula.</subfield>
          </datafield>
          <datafield tag="563" ind1=" " ind2=" ">
            <subfield code="a">Encuadernación: Encuadernación en cartera en piel roja sobre cartón.- La decoración de las tapas está formada por una orla de rueda gofrada y un mosaico central, mientras que, el lomo es liso. - Señales de haber tenido una tapa de cierre.</subfield>
          </datafield>
          <datafield tag="541" ind1=" " ind2=" ">
            <subfield code="a">Procedencia: No consta</subfield>
            <subfield code="d">Ingreso: No consta</subfield>
          </datafield>
          <datafield tag="500" ind1=" " ind2=" ">
            <subfield code="a">Signatura antigua: VOL. XIX; A-5-19</subfield>
          </datafield>
          <datafield tag="500" ind1=" " ind2=" ">
            <subfield code="a">Anotaciones: Anotaciones marginales y entre líneas en tinta negra de comentarios y aclaraciones de algunos vocablos del texto.</subfield>
          </datafield>
          <datafield tag="581" ind1=" " ind2=" ">
            <subfield code="a">Descripción: Catálogo de la Exposición celebrada con motivo del cincuentenario: 1932-1982, Granada, 1982, 18.- Castillo Castillo, C., “Manuscritos arábigos que se conservan en la Escuela de Estudios Árabes de Granada”, Cuadernos de historia del Islam 11 (1984), 235-236. - Manuscritos árabes y fondo antiguo de la Escuela de Estudios Árabes, Granada, 2007, 94-95. - González García, Sonsoles. Estudio de las encuadernaciones originales datadas de la colección de manuscritos de la Biblioteca de la Escuela de Estudios Árabes de Granada. Granada, 2010. - González García, Sonsoles. Estudio de las encuadernaciones originales datadas de la colección de manuscritos árabes de la Biblioteca de la Escuela de Estudios Árabes de Granada : tesis doctoral, Granada, 2014</subfield>
          </datafield>
          <datafield tag="530" ind1=" " ind2=" ">
            <subfield code="a">Otros soportes: No</subfield>
          </datafield>
          <datafield tag="581" ind1=" " ind2=" ">
            <subfield code="a">Edición: No</subfield>
          </datafield>
          <datafield tag="510" ind1="1" ind2=" ">
            <subfield code="a">Catálogo de la Exposición celebrada con motivo del cincuentenario: 1932-1982</subfield>
            <subfield code="c">p. 18</subfield>
          </datafield>
          <datafield tag="510" ind1="1" ind2=" ">
            <subfield code="a">Manuscritos arábigos que se conservan en la Escuela de Estudios Árabes de Granada</subfield>
            <subfield code="c">p. 235-236</subfield>
          </datafield>
          <datafield tag="510" ind1="1" ind2=" ">
            <subfield code="a">Manuscritos árabes y fondo antiguo de la Escuela de Estudios Árabes</subfield>
            <subfield code="c">p. 94-95</subfield>
          </datafield>
          <datafield tag="520" ind1="2" ind2=" ">
            <subfield code="a">Contenido: Al-Quṭrubiyya (1r-2v) [s. f.]. - Risāla fī taḥqīq al-kulliyyāt (3v-7v) [1719-1720] 1132 de la Hégira [GAL, S II, 293-294]. - Qaṣīdat al-Aṣmaʽī (Ṣawt ṣafīr al-bulbul) (11r) [s. f.]. - Kitāb Qawl [sic] Aḥmad Ḥāšiyatu-hu ʽalà l-munlā l-Fanārī (13v-92v) [s. f.] [Incompleto y ápodo]. - Al-ḥawāšī ʽalà Qūl Aḥmad (101r-188v) [s. f.] [Incompleto y ápodo]</subfield>
          </datafield>
          <datafield tag="650" ind1=" " ind2="7">
            <subfield code="a">Lógica</subfield>
            <subfield code="v">Manuscritos.</subfield>
            <subfield code="2">CSICAU</subfield>
          </datafield>
          <datafield tag="650" ind1=" " ind2="7">
            <subfield code="a">Arabe</subfield>
            <subfield code="v">Manuscritos.</subfield>
            <subfield code="2">CSICAU</subfield>
          </datafield>
          <datafield tag="650" ind1=" " ind2="7">
            <subfield code="a">Filosofía islámica</subfield>
            <subfield code="v">Manuscritos.</subfield>
            <subfield code="2">CSICAU</subfield>
          </datafield>
          <datafield tag="650" ind1=" " ind2="7">
            <subfield code="a">Poesía árabe</subfield>
            <subfield code="v">Manuscritos.</subfield>
            <subfield code="2">CSICAU</subfield>
          </datafield>
          <datafield tag="600" ind1="1" ind2="7">
            <subfield code="a">Quṭrub, Muḥammad b. al-Mustanīr,</subfield>
            <subfield code="d">(m. 821 ó 2)</subfield>
            <subfield code="t">Muṯallaṯ</subfield>
            <subfield code="x">Crítica e interpretación</subfield>
            <subfield code="v">Manuscritos</subfield>
            <subfield code="2">CSICAU</subfield>
          </datafield>
          <datafield tag="700" ind1="1" ind2=" ">
            <subfield code="a">Bahnasī, `Abd al-Wahhāb b. al-Ḥasan al-</subfield>
            <subfield code="d">(m. 1286 ó 7)</subfield>
          </datafield>
          <datafield tag="700" ind1="1" ind2=" ">
            <subfield code="a">Quṭb al-Taḥtānī, Muḥammad b. Muḥammad,</subfield>
            <subfield code="d">(1294 ó 5-1364 ó 5).</subfield>
          </datafield>
          <datafield tag="700" ind1="1" ind2=" ">
            <subfield code="a">Aṣmaʽī, ʽAbd al-Malik b. Qurayb al-</subfield>
            <subfield code="d">(740-ca. 828).</subfield>
          </datafield>
          <datafield tag="700" ind1="1" ind2=" ">
            <subfield code="a">Qūl Aḥmad b. Muḥammad b. Jiḍr.</subfield>
          </datafield>
          <datafield tag="740" ind1="0" ind2=" ">
            <subfield code="a">Maŷmūʽat muʼallafat fi l-šiʽr wa-ʽilm al-manṭiq</subfield>
          </datafield>
          <datafield tag="740" ind1="2" ind2=" ">
            <subfield code="a">الحواشي على قول احمد</subfield>
          </datafield>
          <datafield tag="740" ind1="3" ind2=" ">
            <subfield code="a">Al-ḥawāšī ʽalà Qūl Aḥmad</subfield>
          </datafield>
          <datafield tag="740" ind1="0" ind2=" ">
            <subfield code="a">رسالة في تحقيق الكليات</subfield>
          </datafield>
          <datafield tag="740" ind1="0" ind2=" ">
            <subfield code="a">Risāla fī taḥqīq al-kulliyyāt</subfield>
          </datafield>
          <datafield tag="740" ind1="0" ind2=" ">
            <subfield code="a">القطربية</subfield>
          </datafield>
          <datafield tag="740" ind1="3" ind2=" ">
            <subfield code="a">Al-Quṭrubiyya</subfield>
          </datafield>
          <datafield tag="740" ind1="0" ind2=" ">
            <subfield code="a">قَصِيدَةُ الاَصْمَعي</subfield>
          </datafield>
          <datafield tag="740" ind1="0" ind2=" ">
            <subfield code="a">Qaṣīdat al-Aṣmaʽī</subfield>
          </datafield>
          <datafield tag="740" ind1="0" ind2=" ">
            <subfield code="a">صوت صفير البلبل</subfield>
          </datafield>
          <datafield tag="740" ind1="0" ind2=" ">
            <subfield code="a">Ṣawt ṣafīr al-bulbul</subfield>
          </datafield>
          <datafield tag="740" ind1="0" ind2=" ">
            <subfield code="a">كِتَابُ قَوْلِ [sic] اَحْمَدَ حَاشِيَتَهُ عَلَى اُلمُنْلاَ اُلفَنَارِي</subfield>
          </datafield>
          <datafield tag="740" ind1="0" ind2=" ">
            <subfield code="a">Kitāb Qawl [sic] Aḥmad Ḥāšiyatu-hu ´alà l-munlā l-Fanārī</subfield>
          </datafield>
          <datafield tag="740" ind1="0" ind2=" ">
            <subfield code="a">حاشية على الفوائد الفنارية</subfield>
          </datafield>
          <datafield tag="740" ind1="0" ind2=" ">
            <subfield code="a">Ḥāšiya ʽalà l-Fawāʼid al-fanāriyya</subfield>
          </datafield>
          <datafield tag="830" ind1=" " ind2="0">
            <subfield code="a">Manuscripta</subfield>
          </datafield>
          <datafield tag="856" ind1="4" ind2="1">
            <subfield code="u">http://aleph.csic.es/imagenes/mad01/0006_PMSC/P_001350078_783647_V00.pdf</subfield>
            <subfield code="z">Descargar Pdf completo (47M)</subfield>
            <subfield code="m">CSIC</subfield>
          </datafield>
          <datafield tag="856" ind1="4" ind2="1">
            <subfield code="u">http://aleph.csic.es/imagenes/mad01/0006_PMSC/html/001350078.html</subfield>
            <subfield code="z">Ver texto completo en Bookreader</subfield>
          </datafield>
          <datafield tag="856" ind1="4" ind2="1">
            <subfield code="u">http://simurg.csic.es/view/300695</subfield>
            <subfield code="z">Acceso a la versión digitalizada en Simurg</subfield>
          </datafield>
          <datafield tag="040" ind1=" " ind2=" ">
            <subfield code="a">ES-MaCSI</subfield>
            <subfield code="b">spa</subfield>
          </datafield>
        </record>
      </metadata>
    </record>