
    <record>
      <header>
        <identifier>oai:alma.34CSIC_INST:990013499580204201</identifier>
        <datestamp>2022-07-01T05:01:55Z</datestamp>
        <setSpec>manuscripta</setSpec>
        <setSpec>csic-bibliografico</setSpec>
      </header>
      <metadata>
        <record xmlns="http://www.loc.gov/MARC21/slim" xmlns:xsi="http://www.w3.org/2001/XMLSchema-instance" xsi:schemaLocation="http://www.loc.gov/MARC21/slim http://www.loc.gov/standards/marcxml/schema/MARC21slim.xsd">
          <leader>09528ntm a2200613 i 4500</leader>
          <controlfield tag="005">20220609123411.0</controlfield>
          <controlfield tag="008">100729n        xx            000 0 ara d</controlfield>
          <controlfield tag="001">990013499580204201</controlfield>
          <datafield tag="035" ind1=" " ind2=" ">
            <subfield code="a">CSIC001349958</subfield>
          </datafield>
          <datafield tag="035" ind1=" " ind2=" ">
            <subfield code="a">(ES-MaCSI)001349958MAD01-Aleph</subfield>
          </datafield>
          <datafield tag="035" ind1=" " ind2=" ">
            <subfield code="a">(OCoLC)1123856502</subfield>
          </datafield>
          <datafield tag="245" ind1="1" ind2="2">
            <subfield code="a">اَلْرّمْزِيَةَ اَلْمُبَارِكَةَ لِلْبُدُورِ السَّبْعَةِ‭</subfield>
            <subfield code="h">[‭Manuscrito]</subfield>
          </datafield>
          <datafield tag="260" ind1=" " ind2=" ">
            <subfield code="c">[s. f.].</subfield>
          </datafield>
          <datafield tag="300" ind1=" " ind2=" ">
            <subfield code="a">93 f. ;</subfield>
            <subfield code="c">23 x 17,5 (caja: 18,5 x 13,5).</subfield>
          </datafield>
          <datafield tag="490" ind1="1" ind2=" ">
            <subfield code="a">Manuscripta</subfield>
          </datafield>
          <datafield tag="546" ind1=" " ind2=" ">
            <subfield code="a">Arabe</subfield>
            <subfield code="b">Escritura magrebí</subfield>
          </datafield>
          <datafield tag="500" ind1=" " ind2=" ">
            <subfield code="a">Título transliterado: Al-ramziyya al-mubāraka li-l-budūr al-sabʽa</subfield>
          </datafield>
          <datafield tag="500" ind1=" " ind2=" ">
            <subfield code="a">Distribución: 1 col. La mayor parte de la obra tiene 22 líneas por página. Otras varias de 15 a 21</subfield>
          </datafield>
          <datafield tag="500" ind1=" " ind2=" ">
            <subfield code="a">Material: Papel</subfield>
          </datafield>
          <datafield tag="500" ind1=" " ind2=" ">
            <subfield code="a">Tinta: Negra, azul, morado y rojo</subfield>
          </datafield>
          <datafield tag="500" ind1=" " ind2=" ">
            <subfield code="a">‪Incipit: ‮(بعد البسملة والتصلية) الْحَمْدُ لِلهِ تَقْيِدْ مَا لاَ بُدّ مِنْهُ اَلْرّمْزِيَةَ اَلْمُبَارِكَةَ لِلْبُدُورِ السَّبْعَةِ رَضِيَ اللهُ عَنْهُمْ أَجْمَعِينْ</subfield>
          </datafield>
          <datafield tag="500" ind1=" " ind2=" ">
            <subfield code="a">10 ض 50 هب جص ع ؟ 10 ذل 10 م 10 ح 10 83840 3ث Explicit:‪</subfield>
          </datafield>
          <datafield tag="500" ind1=" " ind2=" ">
            <subfield code="a">Lugar de escritura: No consta</subfield>
          </datafield>
          <datafield tag="500" ind1=" " ind2=" ">
            <subfield code="a">Copista: No consta</subfield>
          </datafield>
          <datafield tag="500" ind1=" " ind2=" ">
            <subfield code="a">‪Colofón: انتَهَتْ الرّمْزِيّةَ الْمُبَارِكَةَ بِحَمْدِ اللهِ وَحُسْنِ عَوْنِهِ وَتوْفيقِهِ الْجَمِيلْ وَصَلَى الله عَلَى سَيِّدِنَا مُحَمَّد وآلهِ وَصَحْبِه وسَلِّمْ تَسْلِيما وَلاَ حَوْلَ وَلاَ قُوَةَ إِلا بِاللهِ الْعَلِيِّ العَظِيمْ اللّهُمّ أَجْعَلْ أَخِرُ كَلاَمُنَا لاَ إِلاَهَ إِلاَّ اللهْ مَحَمَّدْ رَسُولُ اللهِ صَلَّى اللهُ عَلَيهِ وسَلَم وَالْحَمْدُ لِلهِ رَبِّ الْعَلَمِين</subfield>
          </datafield>
          <datafield tag="500" ind1=" " ind2=" ">
            <subfield code="a">Características especiales: Texto vocalizado parcialmente</subfield>
          </datafield>
          <datafield tag="500" ind1=" " ind2=" ">
            <subfield code="a">Ilustración: No</subfield>
          </datafield>
          <datafield tag="500" ind1=" " ind2=" ">
            <subfield code="a">Ilustraciones: Gran parte del texto aparece en varios colores, es decir, se va alternando las tintas constantemente.</subfield>
          </datafield>
          <datafield tag="500" ind1=" " ind2=" ">
            <subfield code="a">Tipo de cuaderno: 7 cuads.: 4 quiniones, 1 septnión, 1 novnión y 1 decatnión (le falta el penúltimo folio que se ha perdido)</subfield>
          </datafield>
          <datafield tag="500" ind1=" " ind2=" ">
            <subfield code="a">Deterioros: En general, buen estado del texto. - Los cuadernos descosidos. - En algunos folios del volumen hay manchas que no afectan al texto del volumen.</subfield>
          </datafield>
          <datafield tag="500" ind1=" " ind2=" ">
            <subfield code="a">H en blanco: 1 H en blanco: folio 93.</subfield>
          </datafield>
          <datafield tag="500" ind1=" " ind2=" ">
            <subfield code="a">H dañadas, mutiladas, sueltas: 1 H suelta: folio 74</subfield>
          </datafield>
          <datafield tag="500" ind1=" " ind2=" ">
            <subfield code="a">H faltan o añadidas: No</subfield>
          </datafield>
          <datafield tag="500" ind1=" " ind2=" ">
            <subfield code="a">Foliación: Sin foliación original. - Foliación moderna a lápiz hecha por Naima Anahnah (2010)</subfield>
          </datafield>
          <datafield tag="500" ind1=" " ind2=" ">
            <subfield code="a">Reclamos: Reclamos en tinta negra o roja en el margen inferior izquierdo de todos los folios verso.</subfield>
          </datafield>
          <datafield tag="500" ind1=" " ind2=" ">
            <subfield code="a">Sign. cuad.: No</subfield>
          </datafield>
          <datafield tag="500" ind1=" " ind2=" ">
            <subfield code="a">Pautado: Punta seca (casi inapreciable).</subfield>
          </datafield>
          <datafield tag="500" ind1=" " ind2=" ">
            <subfield code="a">Filigrana: Cartela ovalada por los laterales y que enmarca el texto árabe "معاقل الورق البجلبكية" dispuestas cada una de estas palabra en una línea. Cartela de menor tamaño cuyo contenido en caracteres árabes es ilegible.</subfield>
          </datafield>
          <datafield tag="563" ind1=" " ind2=" ">
            <subfield code="a">Encuadernación: Sin encuadernación</subfield>
          </datafield>
          <datafield tag="541" ind1=" " ind2=" ">
            <subfield code="a">Procedencia: Compra</subfield>
            <subfield code="c">[Familia Granados Montoro]</subfield>
            <subfield code="d">Ingreso: 25 de junio de 1986</subfield>
          </datafield>
          <datafield tag="500" ind1=" " ind2=" ">
            <subfield code="a">Signatura antigua: CAJA 3-2</subfield>
          </datafield>
          <datafield tag="500" ind1=" " ind2=" ">
            <subfield code="a">Anotaciones: Escasas anotaciones marginales en todo el volumen, tanto del mismo copista como de otras manos posteriores. - Del propio autor parecen ser las anotaciones en tinta negra que se inscriben en las esquinas superiores de casi todos los folios: اللهم صلي على الحبيب, لا الاه الاّ الله محمد رسول الله, وصلي على سيدنا محمد وآله, وصلي على سيدنا محمد وآله وصحبه, ولا غالب الاّ الله o finalmente ولا غالب الا الله ولا حولا ولا قوة الا بالله. - Las anotaciones marginales son en su mayoría comentarios sobre el contenido del texto. - En el recto del folio 93, escrito a lápiz se lee el número 16 que, probablemente, hacía referencia al número de catalogación del volumen antes de su ingreso en la BEEA. - Igualmente, en el folio 1r aparece anotado a lápiz, en el parte inferior del margen lateral izquierdo, la cifra 41812; mientras que en el centro del margen inferior en tinta marrón aparece el número 244.</subfield>
          </datafield>
          <datafield tag="581" ind1=" " ind2=" ">
            <subfield code="a">Descripción: No</subfield>
          </datafield>
          <datafield tag="530" ind1=" " ind2=" ">
            <subfield code="a">Otros soportes: No</subfield>
          </datafield>
          <datafield tag="581" ind1=" " ind2=" ">
            <subfield code="a">Edición: No</subfield>
          </datafield>
          <datafield tag="510" ind1="0" ind2=" ">
            <subfield code="a">No</subfield>
          </datafield>
          <datafield tag="520" ind1="2" ind2=" ">
            <subfield code="a">Contenido: Al-ramziyya al-mubāraka li-l-budūr al-sabʽa</subfield>
          </datafield>
          <datafield tag="630" ind1="0" ind2="7">
            <subfield code="a">Corán</subfield>
            <subfield code="x">Recitación</subfield>
            <subfield code="v">Manuscritos.</subfield>
            <subfield code="2">CSICAU</subfield>
          </datafield>
          <datafield tag="740" ind1="3" ind2=" ">
            <subfield code="a">Al-ramziyya al-mubāraka li-l-budūr al-sabʽa</subfield>
          </datafield>
          <datafield tag="830" ind1=" " ind2="0">
            <subfield code="a">Manuscripta</subfield>
          </datafield>
          <datafield tag="856" ind1="4" ind2="1">
            <subfield code="u">http://aleph.csic.es/imagenes/mad01/0006_PMSC/P_001349958_783434_V00.pdf</subfield>
            <subfield code="z">Descargar Pdf completo (39M)</subfield>
            <subfield code="m">CSIC</subfield>
          </datafield>
          <datafield tag="856" ind1="4" ind2="1">
            <subfield code="u">http://aleph.csic.es/imagenes/mad01/0006_PMSC/html/001349958.html</subfield>
            <subfield code="z">Ver texto completo en Bookreader</subfield>
          </datafield>
          <datafield tag="856" ind1="4" ind2="1">
            <subfield code="u">http://simurg.csic.es/view/297454</subfield>
            <subfield code="z">Acceso a la versión digitalizada en Simurg</subfield>
          </datafield>
          <datafield tag="040" ind1=" " ind2=" ">
            <subfield code="a">ES-MaCSI</subfield>
            <subfield code="b">spa</subfield>
          </datafield>
        </record>
      </metadata>
    </record>