
    <record>
      <header>
        <identifier>oai:alma.34CSIC_INST:990013496610204201</identifier>
        <datestamp>2022-07-01T05:01:55Z</datestamp>
        <setSpec>manuscripta</setSpec>
        <setSpec>csic-bibliografico</setSpec>
      </header>
      <metadata>
        <record xmlns="http://www.loc.gov/MARC21/slim" xmlns:xsi="http://www.w3.org/2001/XMLSchema-instance" xsi:schemaLocation="http://www.loc.gov/MARC21/slim http://www.loc.gov/standards/marcxml/schema/MARC21slim.xsd">
          <leader>08113ntm a2200733 i 4500</leader>
          <controlfield tag="005">20220609123408.0</controlfield>
          <controlfield tag="008">010824n12971298              000 0 ara d</controlfield>
          <controlfield tag="001">990013496610204201</controlfield>
          <datafield tag="035" ind1=" " ind2=" ">
            <subfield code="a">CSIC001349661</subfield>
          </datafield>
          <datafield tag="035" ind1=" " ind2=" ">
            <subfield code="a">(ES-MaCSI)001349661MAD01-Aleph</subfield>
          </datafield>
          <datafield tag="035" ind1=" " ind2=" ">
            <subfield code="a">(OCoLC)1123835060</subfield>
          </datafield>
          <datafield tag="245" ind1="1" ind2="0">
            <subfield code="a">مجموعة مؤلفات في الفقه الإسلامي‭</subfield>
            <subfield code="h">[‭Manuscrito]</subfield>
          </datafield>
          <datafield tag="260" ind1=" " ind2=" ">
            <subfield code="c">[1449?] [853 de la Hégira?].</subfield>
          </datafield>
          <datafield tag="300" ind1=" " ind2=" ">
            <subfield code="a">139 f. (de los que 1 está sin foliar) más guardas sólo al final. ;</subfield>
            <subfield code="c">20 x 15 cm (caja: 15 x 10 cm).</subfield>
          </datafield>
          <datafield tag="490" ind1="1" ind2=" ">
            <subfield code="a">Manuscripta</subfield>
          </datafield>
          <datafield tag="546" ind1=" " ind2=" ">
            <subfield code="a">Arabe</subfield>
            <subfield code="b">Escritura magrebí</subfield>
          </datafield>
          <datafield tag="500" ind1=" " ind2=" ">
            <subfield code="a">La fecha se ha tomado de la única obra del códice que está datada: Naḍm [sic] farāʼid Ibn Rušd (61v-82r)</subfield>
          </datafield>
          <datafield tag="500" ind1=" " ind2=" ">
            <subfield code="a">Título transliterado: Maŷmūʽat muʼallafāt fī l-fiqh al-islāmī</subfield>
          </datafield>
          <datafield tag="500" ind1=" " ind2=" ">
            <subfield code="a">Título facticio</subfield>
          </datafield>
          <datafield tag="500" ind1=" " ind2=" ">
            <subfield code="a">Distribución: 1 col. La mayor parte del volumen tiene 20 o 21 líneas por página, otras varían de 18 a 19.</subfield>
          </datafield>
          <datafield tag="500" ind1=" " ind2=" ">
            <subfield code="a">Material: Papel</subfield>
          </datafield>
          <datafield tag="500" ind1=" " ind2=" ">
            <subfield code="a">Tinta: Negra, carmín, verde y roja</subfield>
          </datafield>
          <datafield tag="500" ind1=" " ind2=" ">
            <subfield code="a">Lugar de escritura: No consta</subfield>
          </datafield>
          <datafield tag="500" ind1=" " ind2=" ">
            <subfield code="a">Copista: No consta</subfield>
          </datafield>
          <datafield tag="500" ind1=" " ind2=" ">
            <subfield code="a">‪Colofón: No</subfield>
          </datafield>
          <datafield tag="500" ind1=" " ind2=" ">
            <subfield code="a">Características especiales: Texto vocalizado</subfield>
          </datafield>
          <datafield tag="500" ind1=" " ind2=" ">
            <subfield code="a">Ilustración: No</subfield>
          </datafield>
          <datafield tag="500" ind1=" " ind2=" ">
            <subfield code="a">Ilustraciones: Los epígrafes de los capítulos aparecen en un trazo mucho más grande y alargado en tinta roja, carmín o verde; del mismo modo que, algunas palabras como قال y اللّهم o la partícula waw (و).</subfield>
          </datafield>
          <datafield tag="500" ind1=" " ind2=" ">
            <subfield code="a">Tipo de cuaderno: No se pueden contar los cuadernos ya que el volumen podría deshacerse</subfield>
          </datafield>
          <datafield tag="500" ind1=" " ind2=" ">
            <subfield code="a">Deterioros: Buen estado del texto. La encuadernación muy deteriorada. Además se advierte en algunos folios arrugas, manchas, pliegues y degradaciones leves de tinta que no afectan al texto.</subfield>
          </datafield>
          <datafield tag="500" ind1=" " ind2=" ">
            <subfield code="a">H en blanco: 2 H en blanco: El 83r. y el reverso del folio sin numerar encuadernado en medio de los folios 45 y 46</subfield>
          </datafield>
          <datafield tag="500" ind1=" " ind2=" ">
            <subfield code="a">H dañadas, mutiladas, sueltas: 6 H dañadas: corresponden a los folios a, b, c, d, 131 y 134.</subfield>
          </datafield>
          <datafield tag="500" ind1=" " ind2=" ">
            <subfield code="a">H faltan o añadidas: 7 H añadidas: corresponden a los 6 últimos folios del volumen, más uno sin foliar encuadernado en medio de los folios 45-46. H faltan: Según la descripción de Almagro Cárdenas la 1ª obra tenía 250 f., la 2ª 21 y la 3ª 18, más 3 al principio del volumen y otros 6 al final, lo que suman un total de 290 f.; esto hace pensar que según los folios que contabilizo Concepción Castillo le faltan al menos 160 f., pero viendo el grosor del lomo de la encuadernación creemos que no tenía tantos como decía Almagro Cárdenas.</subfield>
          </datafield>
          <datafield tag="500" ind1=" " ind2=" ">
            <subfield code="a">Foliación: Sin foliación original. Foliación moderna a lápiz cuyo autor se desconoce: los 4 primeros están foliados con letras latinas en minúscula de la “a” a la “d” y los siguientes en números arábigos del 1 al 134. Además entre el folio 45 y el 46 hay uno sin foliar.</subfield>
          </datafield>
          <datafield tag="500" ind1=" " ind2=" ">
            <subfield code="a">Reclamos: Reclamos en tinta negra en el margen inferior izquierdo de la mayoría de los folios verso, excepto los folios 5, 12, 13, 19, 60 y 128 que carecen de reclamos; mientras que, los folios 7, 9, 10 y 11, tienen reclamos tanto en recto como en verso; y excepcionalmente el folio 20v tiene dos reclamos distintos uno en tinta negra y el otro en tinta roja. En algunos folios el reclamo es la primera palabra de los folios v que coincide con la última de los folios r. Llama la atención el reclamo del folio 65v que aparece en tinta roja. Se observa que los reclamos de las esquinas inferiores son de una mano posterior.</subfield>
          </datafield>
          <datafield tag="500" ind1=" " ind2=" ">
            <subfield code="a">Sign. cuad.: No</subfield>
          </datafield>
          <datafield tag="500" ind1=" " ind2=" ">
            <subfield code="a">Pautado: Punta seca (casi inapreciable). Líneas rectrices con una regularidad de 8 mm.</subfield>
          </datafield>
          <datafield tag="500" ind1=" " ind2=" ">
            <subfield code="a">Filigrana: Cartela rectangular con motivos florales en el interior, rematada con una corona y debajo una figura que se asemeja un racimo de uvas. Contrafiligrana de letras “RD” en mayúsculas.</subfield>
          </datafield>
          <datafield tag="563" ind1=" " ind2=" ">
            <subfield code="a">Encuadernación: Cartera con solapa de cierre en piel marrón sobre cartón muy deteriorada. La decoración de la tapa está formada por dos orlas de rueda gofrada separadas por entrecalle vacía. El lomo, a pesar de su deterioro, parece liso, mientras que el lomo de corte vertical está decorado con una orla de rueda gofrada; y en el centro de las tapas como en la solapa decoración repujada de tipo floral.</subfield>
          </datafield>
          <datafield tag="541" ind1=" " ind2=" ">
            <subfield code="a">Procedencia: Universidad de Granada</subfield>
          </datafield>
          <datafield tag="541" ind1=" " ind2=" ">
            <subfield code="d">Ingreso: No consta</subfield>
          </datafield>
          <datafield tag="500" ind1=" " ind2=" ">
            <subfield code="a">Signatura antigua: VOL. VII; A-5-7; Caja B-38, n º 6</subfield>
          </datafield>
          <datafield tag="500" ind1=" " ind2=" ">
            <subfield code="a">Anotaciones: Por lo general, las anotaciones marginales del volumen no son muy frecuentes, éstas aparecen en tinta negra y tan sólo una se marca con tinta roja. La mayoría son anotaciones sobre cuestiones jurídicas que aparecen en los folios: del ar al dr, 13v, del 60r al 61r, 82v, y del 128v al último folio del volumen. También aparecen divisiones de la obra (yuzʼ, niṣf o rubʽ) en los márgenes y doblemente subrayadas; correcciones (del mismo copista y otras de una mano distinta), y la enmienda de términos y versos; todas ellas correspondientes a la segunda obra del volumen. Y de forma esporádica también, aparece el antiguo sello de la Biblioteca de la Universidad de Granada.</subfield>
          </datafield>
          <datafield tag="581" ind1=" " ind2=" ">
            <subfield code="a">Descripción: Almagro Cárdenas, A., Catálogo de los Manuscritos Árabes que se conservan en la Universidad de Granada, Granada, 1899, 15-16. - Catálogo de la Exposición celebrada con motivo del cincuentenario:1932-1982, Granada, 1982, 16. - Castillo Castillo, C., Manuscritos arábigos que se conservan en la Escuela de Estudios Árabes de Granada. - En: Cuadernos de historia del Islam 11 (1984), 222-224.</subfield>
          </datafield>
          <datafield tag="530" ind1=" " ind2=" ">
            <subfield code="a">Otros soportes: No</subfield>
          </datafield>
          <datafield tag="581" ind1=" " ind2=" ">
            <subfield code="a">Edición: No</subfield>
          </datafield>
          <datafield tag="510" ind1="4" ind2=" ">
            <subfield code="a">Catálogo de los Manuscritos Árabes que se conservan en la Universidad de Granada</subfield>
            <subfield code="c">p. 15-16</subfield>
          </datafield>
          <datafield tag="510" ind1="4" ind2=" ">
            <subfield code="a">Catálogo de la Exposición celebrada con motivo del cincuentenario:1932-1982</subfield>
            <subfield code="c">p. 16</subfield>
          </datafield>
          <datafield tag="510" ind1="4" ind2=" ">
            <subfield code="a">Manuscritos arábigos que se conservan en la Escuela de Estudios Árabes de Granada</subfield>
            <subfield code="c">p. 222-224</subfield>
          </datafield>
          <datafield tag="520" ind1="2" ind2=" ">
            <subfield code="a">Contenido: Ŷumla mujtaṣara min wāŷib umūr al-diyāna (dv-60r) [s. f.] .- Naḍm [sic] farāʼid Ibn Rušd (61v-82r) [1449] 853 de la Hégira. - Tuḥfat al-ḥukkām fī nukat al-ʽuqūd wa-l-aḥkam (83v-128v) [s. f.]</subfield>
          </datafield>
          <datafield tag="650" ind1=" " ind2="7">
            <subfield code="a">Derecho islámico</subfield>
            <subfield code="v">Manuscritos.</subfield>
            <subfield code="2">CSICAU</subfield>
          </datafield>
          <datafield tag="650" ind1=" " ind2="7">
            <subfield code="a">Islam</subfield>
            <subfield code="v">Manuscritos.</subfield>
            <subfield code="2">CSICAU</subfield>
          </datafield>
          <datafield tag="740" ind1="0" ind2=" ">
            <subfield code="a">Maŷmūʽat muʼallafāt fī l-fiqh al-islāmī</subfield>
          </datafield>
          <datafield tag="740" ind1="0" ind2=" ">
            <subfield code="a">Ŷumla mujtaṣara min wāŷib umūr al-diyāna</subfield>
          </datafield>
          <datafield tag="740" ind1="0" ind2=" ">
            <subfield code="a">جملة مختصرة من واجب أمور الديانة</subfield>
          </datafield>
          <datafield tag="740" ind1="0" ind2=" ">
            <subfield code="a">Naḍm [sic] farāʼid Ibn Rušd</subfield>
          </datafield>
          <datafield tag="740" ind1="0" ind2=" ">
            <subfield code="a">نضم [sic] فرائد ابن رشد</subfield>
          </datafield>
          <datafield tag="740" ind1="0" ind2=" ">
            <subfield code="a">Tuḥfat al-ḥukkām fī nukat al-ʽuqūd wa-l-aḥkam</subfield>
          </datafield>
          <datafield tag="740" ind1="0" ind2=" ">
            <subfield code="a">تحفة الحكام في نكت العقود والأحكام</subfield>
          </datafield>
          <datafield tag="830" ind1=" " ind2="0">
            <subfield code="a">Manuscripta</subfield>
          </datafield>
          <datafield tag="856" ind1="4" ind2="1">
            <subfield code="u">http://aleph.csic.es/imagenes/mad01/0006_PMSC/P_001349661_782766_V00.pdf</subfield>
            <subfield code="z">Descargar Pdf completo (43M)</subfield>
            <subfield code="m">CSIC</subfield>
          </datafield>
          <datafield tag="856" ind1="4" ind2="1">
            <subfield code="u">http://aleph.csic.es/imagenes/mad01/0006_PMSC/html/001349661.html</subfield>
            <subfield code="z">Ver texto completo en Bookreader</subfield>
          </datafield>
          <datafield tag="856" ind1="4" ind2="1">
            <subfield code="u">http://simurg.csic.es/view/293686</subfield>
            <subfield code="z">Acceso a la versión digitalizada en Simurg</subfield>
          </datafield>
          <datafield tag="040" ind1=" " ind2=" ">
            <subfield code="a">ES-MaCSI</subfield>
            <subfield code="b">spa</subfield>
          </datafield>
        </record>
      </metadata>
    </record>