
    <record>
      <header>
        <identifier>oai:alma.34CSIC_INST:990013499680204201</identifier>
        <datestamp>2022-07-01T05:01:55Z</datestamp>
        <setSpec>manuscripta</setSpec>
        <setSpec>csic-bibliografico</setSpec>
      </header>
      <metadata>
        <record xmlns="http://www.loc.gov/MARC21/slim" xmlns:xsi="http://www.w3.org/2001/XMLSchema-instance" xsi:schemaLocation="http://www.loc.gov/MARC21/slim http://www.loc.gov/standards/marcxml/schema/MARC21slim.xsd">
          <leader>05871ntm a2200661 i 4500</leader>
          <controlfield tag="005">20220609123412.0</controlfield>
          <controlfield tag="008">100729s18991316xx            000 0 ara d</controlfield>
          <controlfield tag="001">990013499680204201</controlfield>
          <datafield tag="035" ind1=" " ind2=" ">
            <subfield code="a">CSIC001349968</subfield>
          </datafield>
          <datafield tag="035" ind1=" " ind2=" ">
            <subfield code="a">(ES-MaCSI)001349968MAD01-Aleph</subfield>
          </datafield>
          <datafield tag="035" ind1=" " ind2=" ">
            <subfield code="a">(OCoLC)1123855703</subfield>
          </datafield>
          <datafield tag="245" ind1="1" ind2="0">
            <subfield code="a">مجموعة مؤلفات في الفقه الإسلامي‭</subfield>
            <subfield code="h">[Manuscrito‭]</subfield>
          </datafield>
          <datafield tag="260" ind1=" " ind2=" ">
            <subfield code="a">[1899?] [1316 de la Hégira?].</subfield>
          </datafield>
          <datafield tag="300" ind1=" " ind2=" ">
            <subfield code="a">134 f. ;</subfield>
            <subfield code="c">22 x 17,5 (caja: 17 x 13,2).</subfield>
          </datafield>
          <datafield tag="490" ind1="1" ind2=" ">
            <subfield code="a">Manuscripta</subfield>
          </datafield>
          <datafield tag="500" ind1=" " ind2=" ">
            <subfield code="a">La fecha se ha tomado de la única obra del códice que está datada: Maŷālis al-quḍāt wa-l-ḥukkām wa-l-tanbīh wa l-iʽlām fī mā aftā-hu al-maftūn wa-ḥakama bi-hi al-quḍāt min al-awhām (1r-128r)</subfield>
          </datafield>
          <datafield tag="546" ind1=" " ind2=" ">
            <subfield code="a">Arabe</subfield>
            <subfield code="b">Escritura magrebí</subfield>
          </datafield>
          <datafield tag="500" ind1=" " ind2=" ">
            <subfield code="a">Título transliterado: Maŷmūʽat muʼallafāt fī l-fiqh al-islāmī</subfield>
          </datafield>
          <datafield tag="500" ind1=" " ind2=" ">
            <subfield code="a">Título facticio</subfield>
          </datafield>
          <datafield tag="500" ind1=" " ind2=" ">
            <subfield code="a">Distribución: 1 col. El volumen tiene 26 líneas por página.</subfield>
          </datafield>
          <datafield tag="500" ind1=" " ind2=" ">
            <subfield code="a">Material: Papel</subfield>
          </datafield>
          <datafield tag="500" ind1=" " ind2=" ">
            <subfield code="a">Características especiales: Texto sin vocalizar</subfield>
          </datafield>
          <datafield tag="500" ind1=" " ind2=" ">
            <subfield code="a">Ilustración: No</subfield>
          </datafield>
          <datafield tag="500" ind1=" " ind2=" ">
            <subfield code="a">Ilustraciones: Los epígrafes al igual que algunas palabras del texto aparecen en distintas tintas en un trazo mucho grande y alargado ue el resto del texto.</subfield>
          </datafield>
          <datafield tag="500" ind1=" " ind2=" ">
            <subfield code="a">Tipo de cuaderno: 14 cuads.: 1 binión y 13 quiniones.</subfield>
          </datafield>
          <datafield tag="500" ind1=" " ind2=" ">
            <subfield code="a">Deterioros: Buen estado del texto. - Los cuadernos están descosidos y algunos folios rotos. - En algunos folios del volumen hay manchas que no afectan al texto del volumen.</subfield>
          </datafield>
          <datafield tag="500" ind1=" " ind2=" ">
            <subfield code="a">H en blanco: No</subfield>
          </datafield>
          <datafield tag="500" ind1=" " ind2=" ">
            <subfield code="a">H dañadas, mutiladas, sueltas: 5 H dañadas: folios 115, 125, 126, 127 y 134. - 2 H sueltas: folios 125 y 134</subfield>
          </datafield>
          <datafield tag="500" ind1=" " ind2=" ">
            <subfield code="a">H faltan o añadidas: H faltan: no se puede determinar con seguridad cuántos folios faltan del final del volumen</subfield>
          </datafield>
          <datafield tag="500" ind1=" " ind2=" ">
            <subfield code="a">Foliación: Numeración original en números arábigos en tinta roja excepto algunos dígitos de los primeros folios que aparecen en tinta negra. - La numeración comienza en el folio 1v con el dígito 2 en números hindī (también el dígito 5 aparece en hindī), hasta llegar al folio 21v que corresponde al dígito 42. - A partir del folio 22v (45) hay constantes saltos en la numeración (23r=50) o incluso duplicación de la numeración. - En cuanto al folio 29, su recto es el 63 y su verso el 64, numeración que se repite en el siguiente folio 30. - El folio 49r está numerado como 1001 en lugar de 101. - La numeración termina en el folio 55r con el dígito 113. - Foliación moderna a lápiz hecha por Naima Anahnah (2010)</subfield>
          </datafield>
          <datafield tag="500" ind1=" " ind2=" ">
            <subfield code="a">Reclamos: Reclamos en tinta negra en el margen inferior izquierdo de todos los folios verso.</subfield>
          </datafield>
          <datafield tag="500" ind1=" " ind2=" ">
            <subfield code="a">Sign. cuad.: No</subfield>
          </datafield>
          <datafield tag="500" ind1=" " ind2=" ">
            <subfield code="a">Pautado: Punta seca (casi inapreciable) con una regularidad de 7mm.</subfield>
          </datafield>
          <datafield tag="500" ind1=" " ind2=" ">
            <subfield code="a">Filigrana: No</subfield>
          </datafield>
          <datafield tag="563" ind1=" " ind2=" ">
            <subfield code="a">Encuadernación: Sin encuadernación</subfield>
          </datafield>
          <datafield tag="541" ind1=" " ind2=" ">
            <subfield code="a">Procedencia: Compra</subfield>
            <subfield code="c">[Familia Granados Montoro]</subfield>
            <subfield code="d">Ingreso: 25 de junio de 1986</subfield>
          </datafield>
          <datafield tag="500" ind1=" " ind2=" ">
            <subfield code="a">Signatura antigua: Caja 3,4</subfield>
          </datafield>
          <datafield tag="500" ind1=" " ind2=" ">
            <subfield code="a">Anotaciones: Frecuentes anotaciones marginales en todo el volumen, tanto del mismo copista como de una mano posterior.</subfield>
          </datafield>
          <datafield tag="581" ind1=" " ind2=" ">
            <subfield code="a">Descripción: No</subfield>
          </datafield>
          <datafield tag="530" ind1=" " ind2=" ">
            <subfield code="a">Otros soportes: No</subfield>
          </datafield>
          <datafield tag="581" ind1=" " ind2=" ">
            <subfield code="a">Edición: No</subfield>
          </datafield>
          <datafield tag="510" ind1="0" ind2=" ">
            <subfield code="a">No</subfield>
          </datafield>
          <datafield tag="520" ind1="2" ind2=" ">
            <subfield code="a">Contenido: Maŷālis al-quḍāt wa-l-ḥukkām wa-l-tanbīh wa l-iʽlām fī mā aftā-hu al-maftūn wa-ḥakama bi-hi al-quḍāt min al-awhām (1r-128r) [1899] 1316 de la Hégira. - Rafʽ al-iltibās fī šarikat al-jumās (128v-134v) [s. f.] [Incompleto y ápodo].</subfield>
          </datafield>
          <datafield tag="650" ind1=" " ind2="7">
            <subfield code="a">Derecho islámico</subfield>
            <subfield code="v">Manuscritos.</subfield>
            <subfield code="2">CSICAU</subfield>
          </datafield>
          <datafield tag="700" ind1="1" ind2=" ">
            <subfield code="a">Miknāsī, Muḥammad b. `Abd Allāh al-</subfield>
            <subfield code="d">(1435 ó 6-1511 ó 12).</subfield>
          </datafield>
          <datafield tag="700" ind1="1" ind2=" ">
            <subfield code="a">Tadlāwī, al-Ḥasan b. Raḥḥāl al-</subfield>
            <subfield code="d">(m. 1727 ó 8).</subfield>
          </datafield>
          <datafield tag="740" ind1="0" ind2=" ">
            <subfield code="a">Maŷmūʽat muʼallafāt fī l-fiqh al-islāmī</subfield>
          </datafield>
          <datafield tag="740" ind1="0" ind2=" ">
            <subfield code="a">مجالس القضاة والحكام والتنبيه والإعلام فيما أفتاه المفتون وحكم به القضاة</subfield>
          </datafield>
          <datafield tag="740" ind1="0" ind2=" ">
            <subfield code="a">Maŷālis al-quḍāt wa-l-ḥukkām wa-l-tanbīh wa l-iʽlām fī mā aftā-hu al-maftūn wa-ḥakama bi-hi al-quḍāt min al-awhām</subfield>
          </datafield>
          <datafield tag="740" ind1="2" ind2=" ">
            <subfield code="a">المجالس المكناسية</subfield>
          </datafield>
          <datafield tag="740" ind1="3" ind2=" ">
            <subfield code="a">Al-maŷālis al-miknāsiyya</subfield>
          </datafield>
          <datafield tag="740" ind1="0" ind2=" ">
            <subfield code="a">رفع الإلتباس في شركة الخماس</subfield>
          </datafield>
          <datafield tag="740" ind1="0" ind2=" ">
            <subfield code="a">Rafʽ al-iltibās fī šarikat al-jumās</subfield>
          </datafield>
          <datafield tag="830" ind1=" " ind2="0">
            <subfield code="a">Manuscripta</subfield>
          </datafield>
          <datafield tag="856" ind1="4" ind2="1">
            <subfield code="u">http://aleph.csic.es/imagenes/mad01/0006_PMSC/P_001349968_783452_V00.pdf</subfield>
            <subfield code="z">Descargar Pdf completo (50M)</subfield>
            <subfield code="m">CSIC</subfield>
          </datafield>
          <datafield tag="856" ind1="4" ind2="1">
            <subfield code="u">http://aleph.csic.es/imagenes/mad01/0006_PMSC/html/001349968.html</subfield>
            <subfield code="z">Ver texto completo en Bookreader</subfield>
          </datafield>
          <datafield tag="856" ind1="4" ind2="1">
            <subfield code="u">http://simurg.csic.es/view/298236</subfield>
            <subfield code="z">Acceso a la versión digitalizada en Simurg</subfield>
          </datafield>
          <datafield tag="040" ind1=" " ind2=" ">
            <subfield code="a">ES-MaCSI</subfield>
            <subfield code="b">spa</subfield>
          </datafield>
        </record>
      </metadata>
    </record>