
    <record>
      <header>
        <identifier>oai:alma.34CSIC_INST:990013500250204201</identifier>
        <datestamp>2022-07-01T05:01:55Z</datestamp>
        <setSpec>manuscripta</setSpec>
        <setSpec>csic-bibliografico</setSpec>
      </header>
      <metadata>
        <record xmlns="http://www.loc.gov/MARC21/slim" xmlns:xsi="http://www.w3.org/2001/XMLSchema-instance" xsi:schemaLocation="http://www.loc.gov/MARC21/slim http://www.loc.gov/standards/marcxml/schema/MARC21slim.xsd">
          <leader>07489ntm a2200649 i 4500</leader>
          <controlfield tag="005">20220609123412.0</controlfield>
          <controlfield tag="008">100730n        xx            000 0 ara d</controlfield>
          <controlfield tag="001">990013500250204201</controlfield>
          <datafield tag="035" ind1=" " ind2=" ">
            <subfield code="a">CSIC001350025</subfield>
          </datafield>
          <datafield tag="035" ind1=" " ind2=" ">
            <subfield code="a">(ES-MaCSI)001350025MAD01-Aleph</subfield>
          </datafield>
          <datafield tag="035" ind1=" " ind2=" ">
            <subfield code="a">(OCoLC)1123848955</subfield>
          </datafield>
          <datafield tag="100" ind1="1" ind2=" ">
            <subfield code="a">Naklātī, Ya`qūb b. Sa`īd al-.</subfield>
          </datafield>
          <datafield tag="245" ind1="1" ind2="0">
            <subfield code="a">شرح مختصر على لامية ابن مالك‭</subfield>
            <subfield code="h">[Manuscrito‭]</subfield>
          </datafield>
          <datafield tag="260" ind1=" " ind2=" ">
            <subfield code="c">[S. f.].</subfield>
          </datafield>
          <datafield tag="300" ind1=" " ind2=" ">
            <subfield code="a">54 f. (más 1 bifolio suelto añadido posteriormente al principio del volumen) ;</subfield>
            <subfield code="c">19,5 x 15,5 cm (caja: 16,2 x 10,7 cm).</subfield>
          </datafield>
          <datafield tag="490" ind1="1" ind2=" ">
            <subfield code="a">Manuscripta</subfield>
          </datafield>
          <datafield tag="546" ind1=" " ind2=" ">
            <subfield code="a">Arabe</subfield>
            <subfield code="b">Escritura magrebí</subfield>
          </datafield>
          <datafield tag="500" ind1=" " ind2=" ">
            <subfield code="a">Título transliterado: Šarḥ Mujtaṣar ʽalà Lāmiyyat Ibn Mālik</subfield>
          </datafield>
          <datafield tag="500" ind1=" " ind2=" ">
            <subfield code="a">Título tomado de fuente externa</subfield>
          </datafield>
          <datafield tag="500" ind1=" " ind2=" ">
            <subfield code="a">Distribución: 1 col. La mayor parte del volumen tiene 20 líneas por página. Otras varían desde 19 a 27 líneas.</subfield>
          </datafield>
          <datafield tag="500" ind1=" " ind2=" ">
            <subfield code="a">Material: Papel</subfield>
          </datafield>
          <datafield tag="500" ind1=" " ind2=" ">
            <subfield code="a">Tinta: Negra y roja</subfield>
          </datafield>
          <datafield tag="500" ind1=" " ind2=" ">
            <subfield code="a">‪Incipit: به لتوادف اِلاَّ أَنَّ الكَلامَ سِيبَوَيهِ فِيهِ يَحتملُ كونُ</subfield>
          </datafield>
          <datafield tag="500" ind1=" " ind2=" ">
            <subfield code="a">‪Explicit: من المواخذة بأعماله الْقبيحَةِ أنَالَهُ الله ما امْل بمنه وكرمهْ</subfield>
          </datafield>
          <datafield tag="500" ind1=" " ind2=" ">
            <subfield code="a">Lugar de escritura: No consta</subfield>
          </datafield>
          <datafield tag="500" ind1=" " ind2=" ">
            <subfield code="a">Copista: No consta</subfield>
          </datafield>
          <datafield tag="500" ind1=" " ind2=" ">
            <subfield code="a">‪Colofón: كمل الكتاب بحمد الله وحُسن عوْنه وَصَلّى الله وسَلّم على سيِدنا ومولانا محمد وعلى أله والحمد لله رب العلمين ولا حَوْل ولا قوة الاّ بالله العلي العظيم وأخر دعوتنا أن الحمد لله رب العَلمين</subfield>
          </datafield>
          <datafield tag="500" ind1=" " ind2=" ">
            <subfield code="a">Características especiales: Texto sin vocalizar</subfield>
          </datafield>
          <datafield tag="500" ind1=" " ind2=" ">
            <subfield code="a">Ilustración: No</subfield>
          </datafield>
          <datafield tag="500" ind1=" " ind2=" ">
            <subfield code="a">Ilustraciones: Ocasionalmente se utiliza, a modo de decoración, un punto con paréntesis abierto “(·” o cerrado “·)” según si está a principio de línea o al final, tres puntos como los de las letras ث o ش. - Los epígrafes al igual que algunas palabras se marcan con tinta roja o negra; en un trazo mucho más grande y alargado que el resto texto.</subfield>
          </datafield>
          <datafield tag="500" ind1=" " ind2=" ">
            <subfield code="a">Tipo de cuaderno: 7 cuad.: 1 bifolio, 1 binión, 4 quiniones, 1 cuaternión imcompleto (le faltan 2 folios mutilados) y 4 folios sueltos, uno de ellos cosido en medio del cuaternión.</subfield>
          </datafield>
          <datafield tag="500" ind1=" " ind2=" ">
            <subfield code="a">Deterioros: En general, buen estado del texto. - Descosido de los cuadernos y deterioro severo de la encuadernación. - En todos los folios del volumen hay galerías y manchas que no afectan al texto. - Los folios han sido guillotinados en todos sus márgenes.</subfield>
          </datafield>
          <datafield tag="500" ind1=" " ind2=" ">
            <subfield code="a">H en blanco: 2 H en blanco: el primer y el recto del segundo bifolio añadido al principio.</subfield>
          </datafield>
          <datafield tag="500" ind1=" " ind2=" ">
            <subfield code="a">H dañadas, mutiladas, sueltas: H dañadas: todos los folios del volumen. - 3 H sueltas: folios 3, 9 y 50</subfield>
          </datafield>
          <datafield tag="500" ind1=" " ind2=" ">
            <subfield code="a">H faltan o añadidas: 2 H añadidas: bifolio al principio del volumen sin foliar. - H faltan: no se puede precisar el número</subfield>
          </datafield>
          <datafield tag="500" ind1=" " ind2=" ">
            <subfield code="a">Foliación: Sin foliación original. - Foliación moderna a lápiz hecha por Naima Anahnah (2010)</subfield>
          </datafield>
          <datafield tag="500" ind1=" " ind2=" ">
            <subfield code="a">Reclamos: Reclamos en tinta negra en el margen inferior izquierdo de algunos folios verso, en otros no se aprecia al ser mutilados los folios en un margen inferior y lateral.</subfield>
          </datafield>
          <datafield tag="500" ind1=" " ind2=" ">
            <subfield code="a">Sign. cuad.: No</subfield>
          </datafield>
          <datafield tag="500" ind1=" " ind2=" ">
            <subfield code="a">Pautado: Punta seca (casi inapreciable).</subfield>
          </datafield>
          <datafield tag="500" ind1=" " ind2=" ">
            <subfield code="a">Filigrana: Espada con el epígrafe “POLLERI” en letras mayúsculas ahuecadas debajo. Luna creciente o menguante rematada en su parte superior por una cruz.</subfield>
          </datafield>
          <datafield tag="563" ind1=" " ind2=" ">
            <subfield code="a">Encuadernación: Cartera con solapa de cierre en piel marrón oscuro sobre papelón y con mosaico en piel marrón claro. - La decoración de la tapa está formada por dos orlas de rueda gofrada separadas por entrecalles vacías. - El lomo y el lomo de corte vertical están lisos.</subfield>
          </datafield>
          <datafield tag="541" ind1=" " ind2=" ">
            <subfield code="a">Procedencia: Compra</subfield>
            <subfield code="c">[Familia Granados Montoro]</subfield>
            <subfield code="d">Ingreso: 25 de junio de 1986</subfield>
          </datafield>
          <datafield tag="500" ind1=" " ind2=" ">
            <subfield code="a">Signatura antigua: VOL. XXII; CAJA 1-1</subfield>
          </datafield>
          <datafield tag="500" ind1=" " ind2=" ">
            <subfield code="a">Anotaciones: En el verso del segundo folio del bifolio añadido al principio del volumen recoge referencias al autor y al título de la obra, aunque no se puede asegurar que es así como empieza la obra original. - Frecuentes anotación marginal en tinta negra que enmiendan o corrigen el texto del volumen. - En el interior de la tapa posterior, escrito a lápiz, se lee la antigua signatura del volumen “XXII” y debajo, el número 10 que, probablemente, hacía referencia al número de catalogación del volumen antes de su ingreso en la BEEA. - Por otro lado, una etiqueta en el lomo hace referencia a la otra antigua signatura del volumen “CAJA 1-1”.</subfield>
          </datafield>
          <datafield tag="581" ind1=" " ind2=" ">
            <subfield code="a">Descripción: No</subfield>
          </datafield>
          <datafield tag="530" ind1=" " ind2=" ">
            <subfield code="a">Otros soportes: No</subfield>
          </datafield>
          <datafield tag="581" ind1=" " ind2=" ">
            <subfield code="a">Edición: No</subfield>
          </datafield>
          <datafield tag="510" ind1="3" ind2=" ">
            <subfield code="a">No</subfield>
          </datafield>
          <datafield tag="520" ind1="2" ind2=" ">
            <subfield code="a">Contenido: Šarḥ Mujtaṣar ʽalà Lāmiyyat Ibn Mālik [Incompleto y acéfalo]</subfield>
          </datafield>
          <datafield tag="650" ind1=" " ind2="7">
            <subfield code="a">Arabe</subfield>
            <subfield code="x">Gramática</subfield>
            <subfield code="v">Manuscritos.</subfield>
            <subfield code="2">CSICAU</subfield>
          </datafield>
          <datafield tag="600" ind1="1" ind2="7">
            <subfield code="a">Ibn Mālik, Muḥammad b. `Abd Allāh</subfield>
            <subfield code="d">(m. 1274)</subfield>
            <subfield code="t">Lāmiyya</subfield>
            <subfield code="x">Crítica e interpretación</subfield>
            <subfield code="v">Manuscritos</subfield>
            <subfield code="2">CSICAU</subfield>
          </datafield>
          <datafield tag="740" ind1="0" ind2=" ">
            <subfield code="a">Šarḥ Mujtaṣar ʽalà Lāmiyyat Ibn Mālik</subfield>
          </datafield>
          <datafield tag="830" ind1=" " ind2="0">
            <subfield code="a">Manuscripta</subfield>
          </datafield>
          <datafield tag="856" ind1="4" ind2="1">
            <subfield code="u">http://aleph.csic.es/imagenes/mad01/0006_PMSC/P_001350025_783555_V00.pdf</subfield>
            <subfield code="z">Descargar Pdf completo (19M)</subfield>
            <subfield code="m">CSIC</subfield>
          </datafield>
          <datafield tag="856" ind1="4" ind2="1">
            <subfield code="u">http://aleph.csic.es/imagenes/mad01/0006_PMSC/html/001350025.html</subfield>
            <subfield code="z">Ver texto completo en Bookreader</subfield>
          </datafield>
          <datafield tag="856" ind1="4" ind2="1">
            <subfield code="u">http://simurg.csic.es/view/299282</subfield>
            <subfield code="z">Acceso a la versión digitalizada en Simurg</subfield>
          </datafield>
          <datafield tag="040" ind1=" " ind2=" ">
            <subfield code="a">ES-MaCSI</subfield>
            <subfield code="b">spa</subfield>
          </datafield>
        </record>
      </metadata>
    </record>