
    <record>
      <header>
        <identifier>oai:alma.34CSIC_INST:990013516980204201</identifier>
        <datestamp>2022-07-01T05:01:55Z</datestamp>
        <setSpec>manuscripta</setSpec>
        <setSpec>csic-bibliografico</setSpec>
      </header>
      <metadata>
        <record xmlns="http://www.loc.gov/MARC21/slim" xmlns:xsi="http://www.w3.org/2001/XMLSchema-instance" xsi:schemaLocation="http://www.loc.gov/MARC21/slim http://www.loc.gov/standards/marcxml/schema/MARC21slim.xsd">
          <leader>11744ntm a2200649 i 4500</leader>
          <controlfield tag="005">20220609123413.0</controlfield>
          <controlfield tag="008">100913s18091224              000 0 ara d</controlfield>
          <controlfield tag="001">990013516980204201</controlfield>
          <datafield tag="035" ind1=" " ind2=" ">
            <subfield code="a">CSIC001351698</subfield>
          </datafield>
          <datafield tag="035" ind1=" " ind2=" ">
            <subfield code="a">(ES-MaCSI)001351698MAD01-Aleph</subfield>
          </datafield>
          <datafield tag="035" ind1=" " ind2=" ">
            <subfield code="a">(OCoLC)1123805643</subfield>
          </datafield>
          <datafield tag="100" ind1="1" ind2=" ">
            <subfield code="a">Hilālī, Aḥmad b. `Abd al-`Azīz al-</subfield>
            <subfield code="c">(1701-1761)</subfield>
          </datafield>
          <datafield tag="245" ind1="1" ind2="0">
            <subfield code="a">عرف الند في أحكام المد</subfield>
            <subfield code="h">[Manuscrito]</subfield>
            <subfield code="c">/ أحْمَدُ إِبْنُ عَبْدِ اَلْعَزِيز اَلْهِلاَلِي السِّجْلَمَاسِي.</subfield>
          </datafield>
          <datafield tag="260" ind1=" " ind2=" ">
            <subfield code="c">1809 [1224 de la Hégira].</subfield>
          </datafield>
          <datafield tag="300" ind1=" " ind2=" ">
            <subfield code="a">10 f. ;</subfield>
            <subfield code="c">21 x 15 cm (caja: 16 x 9,6 cm).</subfield>
          </datafield>
          <datafield tag="490" ind1="1" ind2=" ">
            <subfield code="a">Manuscripta</subfield>
          </datafield>
          <datafield tag="546" ind1=" " ind2=" ">
            <subfield code="a">Arabe</subfield>
            <subfield code="b">Escritura magrebí</subfield>
          </datafield>
          <datafield tag="500" ind1=" " ind2=" ">
            <subfield code="a">Título transliterado: ʽArf al-nadd fī aḥkām al-madd</subfield>
          </datafield>
          <datafield tag="500" ind1=" " ind2=" ">
            <subfield code="a">Título tomado de fuente externa</subfield>
          </datafield>
          <datafield tag="500" ind1=" " ind2=" ">
            <subfield code="a">Distribución: 1 col. Tiene 24 líneas por página</subfield>
          </datafield>
          <datafield tag="500" ind1=" " ind2=" ">
            <subfield code="a">Material: Papel</subfield>
          </datafield>
          <datafield tag="500" ind1=" " ind2=" ">
            <subfield code="a">Tinta: Negra y roja</subfield>
          </datafield>
          <datafield tag="500" ind1=" " ind2=" ">
            <subfield code="a">(بعد البسملة و التصلية) قَالَ اَلْشَّيْخُ اَلإمَامُ حُجَّةُ اَلإِسْلاَمِ سَيِّدِي أحْمَدُ إِبْنُ عَبْدِ اَلْعَزِيز اَلْهِلاَلِي السِّجْلَمَاسِي نَفَعَنَا اَللهُ بِهِ وَبِأَمْثَالِهِ آمِين يَا رَبَّ الْعَالَمِينIncipit: ‪</subfield>
          </datafield>
          <datafield tag="500" ind1=" " ind2=" ">
            <subfield code="a">‪Explicit: كلمته من الخوض فيما لا يُعْنِيني واستعيذه سبحانه من التَّورّط فيما يُعْنِينِي والحمد لله تعالى حق حمده والصلاة والسلام على سيدنا محمد نبيه ورسوله وعبده وعلى آله وصحبه ومن اقتفى سنته من بعده</subfield>
          </datafield>
          <datafield tag="500" ind1=" " ind2=" ">
            <subfield code="a">Lugar de escritura: No consta</subfield>
          </datafield>
          <datafield tag="500" ind1=" " ind2=" ">
            <subfield code="a">‪Copista: عبد القادر بن محمد</subfield>
          </datafield>
          <datafield tag="500" ind1=" " ind2=" ">
            <subfield code="a">‪Colofón: انتهى وكان الفراغ من كتبه ضحوة يوم الخميس السادس عشر جمادى الأولى عام 1224 كاتبه عبد ربه عبد القادر بن محمد [...] كان الله له وليا. الحمد لله والصلاة والسلام على رسوله طالعتُه فوجدتُه جمع بين جوْدَة الدراية وصحة الهواية وغالبُ اهل المغرب لا تحل تلاوتُهُ ولايَحِلُّ سماعها وهو إثم بلا شكو تحاشر بلا مِرْيَة منهم ذو الجهل البسيط وذو الجهل المركب والمعاند والمستخف والمتكبر عن التعلّم والمحتقر ان هذا الأمر خفيف لا يسئل عنه يوم العرض نعوذ بالله من علم لا ينفع وقلب لا يخشع وكتبه عبد ربه سبحانه المرتَجي عفور به وغفرانه عبد الرحمان بن ادريس الشريف الحسني كان الله له هاكذا وجد بخط من نقله من خط الشيخ الذكور بواسطتين او ثلاثة</subfield>
          </datafield>
          <datafield tag="500" ind1=" " ind2=" ">
            <subfield code="a">Características especiales: Solo se han vocalizado algunas palabras</subfield>
          </datafield>
          <datafield tag="500" ind1=" " ind2=" ">
            <subfield code="a">Ilustración: No</subfield>
          </datafield>
          <datafield tag="500" ind1=" " ind2=" ">
            <subfield code="a">Ilustraciones: A modo de signo de puntuación aparece frecuentemente la coma árabe (،) en tinta roja. Por otro lado, los epígrafes al igual que algunas palabras del texto aparecen unas veces en tinta roja y otras en tinta negra, en un trazo mucho más grande y alargado que el resto del texto</subfield>
          </datafield>
          <datafield tag="500" ind1=" " ind2=" ">
            <subfield code="a">Tipo de cuaderno: 1 cuad.: 1 quinión.</subfield>
          </datafield>
          <datafield tag="500" ind1=" " ind2=" ">
            <subfield code="a">Deterioros: Galerías, arrugas, pliegues y manchas de humedad que afectan a todos los folios, aunque el texto se lee bien</subfield>
          </datafield>
          <datafield tag="500" ind1=" " ind2=" ">
            <subfield code="a">H en blanco: 1 H en blanco: folio 10v</subfield>
          </datafield>
          <datafield tag="500" ind1=" " ind2=" ">
            <subfield code="a">H dañadas, mutiladas, sueltas: H dañadas: todos los folios están dañados por las manchas de humedad y las galerías</subfield>
          </datafield>
          <datafield tag="500" ind1=" " ind2=" ">
            <subfield code="a">H faltan o añadidas: No</subfield>
          </datafield>
          <datafield tag="500" ind1=" " ind2=" ">
            <subfield code="a">Foliación: Foliación moderna a lápiz hecha por Naima Anahnah (2010)</subfield>
          </datafield>
          <datafield tag="500" ind1=" " ind2=" ">
            <subfield code="a">Reclamos: Reclamos en tinta negra en el margen inferior izquierdo de los folios verso</subfield>
          </datafield>
          <datafield tag="500" ind1=" " ind2=" ">
            <subfield code="a">Sign. cuad.: No</subfield>
          </datafield>
          <datafield tag="500" ind1=" " ind2=" ">
            <subfield code="a">Pautado: Punta seca (casi inapreciable)</subfield>
          </datafield>
          <datafield tag="500" ind1=" " ind2=" ">
            <subfield code="a">Filigrana: Escudo con un león en interior (la humedad no deja ver por completo la filigrana)</subfield>
          </datafield>
          <datafield tag="563" ind1=" " ind2=" ">
            <subfield code="a">Encuadernación: Carece de encuadernación</subfield>
          </datafield>
          <datafield tag="541" ind1=" " ind2=" ">
            <subfield code="a">Procedencia: Escuela de Estudios Árabes</subfield>
            <subfield code="c">[¿Carlos Quirós Rodríguez?]</subfield>
            <subfield code="d">Ingreso: [198-?]</subfield>
          </datafield>
          <datafield tag="500" ind1=" " ind2=" ">
            <subfield code="a">Signatura antigua: No</subfield>
          </datafield>
          <datafield tag="500" ind1=" " ind2=" ">
            <subfield code="a">Anotaciones: Anotaciones marginales en tinta negra, de la misma mano del copista. Las anotaciones son llamadas de atención sobre algunos vocablos o contenidos del texto, para ello se utiliza la palabra قف encima del comentario correspondiente. En las esquinas superiores izquierdas de todos los folios recto, excepto en el folio 7r que no tiene, se lee: اللهم صلي على الحبيب, mientras que, en el folio 2r aparece la inscripción: اللهم صلي على سيدنا محمد وآله. En la esquina superior izquierda del folio 1r se lee la palabra: تجريب</subfield>
          </datafield>
          <datafield tag="510" ind1=" " ind2=" ">
            <subfield code="a">No</subfield>
          </datafield>
          <datafield tag="581" ind1=" " ind2=" ">
            <subfield code="a">Descripción: No</subfield>
          </datafield>
          <datafield tag="530" ind1=" " ind2=" ">
            <subfield code="a">Otros soportes: No</subfield>
          </datafield>
          <datafield tag="581" ind1=" " ind2=" ">
            <subfield code="a">Edición: No</subfield>
          </datafield>
          <datafield tag="520" ind1="2" ind2=" ">
            <subfield code="a">Contenido: ʽArf al-nadd fī aḥkām al-madd</subfield>
          </datafield>
          <datafield tag="630" ind1="0" ind2="7">
            <subfield code="a">Corán</subfield>
            <subfield code="x">Recitación</subfield>
            <subfield code="v">Manuscritos.</subfield>
            <subfield code="2">CSICAU</subfield>
          </datafield>
          <datafield tag="700" ind1="1" ind2=" ">
            <subfield code="a">Ibn Muḥammad, ʽAbd al-Qādir,</subfield>
            <subfield code="e">cop.</subfield>
          </datafield>
          <datafield tag="740" ind1="0" ind2=" ">
            <subfield code="a">ʽArf al-nadd fī aḥkām al-madd</subfield>
          </datafield>
          <datafield tag="830" ind1=" " ind2="0">
            <subfield code="a">Manuscripta</subfield>
          </datafield>
          <datafield tag="856" ind1="4" ind2="1">
            <subfield code="u">http://aleph.csic.es/imagenes/mad01/0006_PMSC/P_001351698_786862_V00.pdf</subfield>
            <subfield code="z">Descargar Pdf completo (5.2M)</subfield>
            <subfield code="m">CSIC</subfield>
          </datafield>
          <datafield tag="856" ind1="4" ind2="1">
            <subfield code="u">http://aleph.csic.es/imagenes/mad01/0006_PMSC/html/001351698.html</subfield>
            <subfield code="z">Ver texto completo en Bookreader</subfield>
          </datafield>
          <datafield tag="856" ind1="4" ind2="1">
            <subfield code="u">http://simurg.csic.es/view/303585</subfield>
            <subfield code="z">Acceso a la versión digitalizada en Simurg</subfield>
          </datafield>
          <datafield tag="040" ind1=" " ind2=" ">
            <subfield code="a">ES-MaCSI</subfield>
            <subfield code="b">spa</subfield>
          </datafield>
        </record>
      </metadata>
    </record>