
    <record>
      <header>
        <identifier>oai:alma.34CSIC_INST:990012274930204201</identifier>
        <datestamp>2022-07-01T05:01:55Z</datestamp>
        <setSpec>manuscripta</setSpec>
        <setSpec>csic-bibliografico</setSpec>
      </header>
      <metadata>
        <record xmlns="http://www.loc.gov/MARC21/slim" xmlns:xsi="http://www.w3.org/2001/XMLSchema-instance" xsi:schemaLocation="http://www.loc.gov/MARC21/slim http://www.loc.gov/standards/marcxml/schema/MARC21slim.xsd">
          <leader>10392ntm a2200685 i 4500</leader>
          <controlfield tag="005">20220609123404.0</controlfield>
          <controlfield tag="008">100330q11401140sp            000 0 ara d</controlfield>
          <controlfield tag="001">990012274930204201</controlfield>
          <datafield tag="035" ind1=" " ind2=" ">
            <subfield code="a">CSIC001227493</subfield>
          </datafield>
          <datafield tag="035" ind1=" " ind2=" ">
            <subfield code="a">(ES-MaCSI)001227493MAD01-Aleph</subfield>
          </datafield>
          <datafield tag="035" ind1=" " ind2=" ">
            <subfield code="a">(OCoLC)1123844414
</subfield>
          </datafield>
          <datafield tag="080" ind1=" " ind2=" ">
            <subfield code="a">091(=411.21)</subfield>
          </datafield>
          <datafield tag="080" ind1=" " ind2=" ">
            <subfield code="a">348.9:28</subfield>
          </datafield>
          <datafield tag="080" ind1=" " ind2=" ">
            <subfield code="a">347.961(083.2)</subfield>
          </datafield>
          <datafield tag="100" ind1="1" ind2=" ">
            <subfield code="a">أَبُو مُحَمّد عَبْدُ الله بن عبد الْوَحد الفهري</subfield>
          </datafield>
          <datafield tag="245" ind1="1" ind2="0">
            <subfield code="a">السّفْرُ الثاْني مِنَ الْوَثَايقِ وَالْمَسَإيل الْجمُوْعَةِ مِن كُتْبِ الفُقَهَإِ محمد بنْ عَبْد الله بِنْ أبي زمِنينَ وَمحمدِ بنْ أَحْمَدَ بِنْ الْعَطّارِ وَأَحْمَدَ بِنْ سَعِيدْ بن الهندي ومُوسَى بنْ أَحْمَدَ عَلَى أَلفاظِهِم وَمَعَانيهِم.</subfield>
            <subfield code="h">[Manuscrito]</subfield>
          </datafield>
          <datafield tag="260" ind1=" " ind2=" ">
            <subfield code="a">[S.l.],</subfield>
            <subfield code="c">1140 [Ramadan 534/abril-mayo 1140].</subfield>
          </datafield>
          <datafield tag="300" ind1=" " ind2=" ">
            <subfield code="a">148 ff. y 4 de guardas (1 col., 25 líneas por pág.) :</subfield>
            <subfield code="b">Papel tratado, grueso ;</subfield>
            <subfield code="c">27,5x18,5 cm. (caja: 21,5x13,5-14,5).</subfield>
          </datafield>
          <datafield tag="490" ind1="0" ind2=" ">
            <subfield code="a">Manuscripta</subfield>
          </datafield>
          <datafield tag="500" ind1=" " ind2=" ">
            <subfield code="a">Incipit: وثيقة بالنزال البايع المبتاع يشهد من يتسمى في هذا الكتاب من الشهداء انهم حضروا في تاريخ كذا انزال فلان لفلان</subfield>
          </datafield>
          <datafield tag="500" ind1=" " ind2=" ">
            <subfield code="a">Explicit: حلاً اوال اخل وسترجع منحته ولا يرخله بيْع اللَّبن المجهول بالطعام او الطعَام بالطّعَام ليس يدًا بيَدٍ لان ذلك كله [...] المعطي [...] فارحص له فيه [...] واحمد بن سعيد بن الهندي وموسى بن احمد المعروف [...]</subfield>
          </datafield>
          <datafield tag="500" ind1=" " ind2=" ">
            <subfield code="a">Copista: احمد [Aḥmad]</subfield>
          </datafield>
          <datafield tag="500" ind1=" " ind2=" ">
            <subfield code="a">Colofón: تمام السفر الثاني وانا احمد الله على ذلك حمدا كثيرا طيبا مبارك فيه وصلى الله على خاتم رسله محمد نبيه وعلى اهله وسلم تسليما وذلك يوم الاثنين من رمضان المعظم سنة اربع وثلثين وخمس ماية.</subfield>
          </datafield>
          <datafield tag="500" ind1=" " ind2=" ">
            <subfield code="a">Tinta negra</subfield>
          </datafield>
          <datafield tag="500" ind1=" " ind2=" ">
            <subfield code="a">Características especiales: Ausencia frecuente de puntos diacríticos.</subfield>
          </datafield>
          <datafield tag="500" ind1=" " ind2=" ">
            <subfield code="a">Ilustración: No</subfield>
          </datafield>
          <datafield tag="500" ind1=" " ind2=" ">
            <subfield code="a">Ilustraciones: No</subfield>
          </datafield>
          <datafield tag="500" ind1=" " ind2=" ">
            <subfield code="a">Tipo de cuaderno: 14 cuadernos de 5 bifolios y 1 de 3 bifolios y 2 folios sueltos.</subfield>
          </datafield>
          <datafield tag="500" ind1=" " ind2=" ">
            <subfield code="a">Deterioros generales: Muchas humedades. Gravemente dañado por ellas en la parte superior del volumen, impidiendo la lectura. Hojas finales mutiladas por fuego en la parte inferior interna. Galerías por insectos hasta el f. 93.</subfield>
          </datafield>
          <datafield tag="500" ind1=" " ind2=" ">
            <subfield code="a">H en blanco: No.</subfield>
          </datafield>
          <datafield tag="500" ind1=" " ind2=" ">
            <subfield code="a">H dañadas, mutiladas y sueltas: Mutiladas: 106-148, en la parte inferior interna del folio por fuego. f. 82: cortado el lateral externo sin afectar al texto. Dañadas: todas por una gran mancha de humedad en la parte superior que impide la lectura en algunos casos. Sueltas: 12-20, 121, 130, 141, 142. Cuadernos sueltos a partir del f. 81.</subfield>
          </datafield>
          <datafield tag="500" ind1=" " ind2=" ">
            <subfield code="a">H. faltan o añadidas: No.</subfield>
          </datafield>
          <datafield tag="500" ind1=" " ind2=" ">
            <subfield code="a">Foliación: Dos foliaciones en tinta en centro superior del recto.</subfield>
          </datafield>
          <datafield tag="500" ind1=" " ind2=" ">
            <subfield code="a">Reclamos: No.</subfield>
          </datafield>
          <datafield tag="500" ind1=" " ind2=" ">
            <subfield code="a">Sin signaturas de cuaderno.</subfield>
          </datafield>
          <datafield tag="500" ind1=" " ind2=" ">
            <subfield code="a">Pautado: No se aprecia. Distancia interlineal: 1 cm.</subfield>
          </datafield>
          <datafield tag="500" ind1=" " ind2=" ">
            <subfield code="a">Filigrana: No.</subfield>
          </datafield>
          <datafield tag="500" ind1=" " ind2=" ">
            <subfield code="a">Signatura antigua: Junta 11</subfield>
          </datafield>
          <datafield tag="500" ind1=" " ind2=" ">
            <subfield code="a">Anotaciones: Hojas de guarda llenas de anotaciones. f.1r: notas acerca del nombre y vida del autor, siguiendo la obra de Ibn Baskuwal. Notas marginales contemporáneas a la copia y otras posteriores a lápiz.</subfield>
          </datafield>
          <datafield tag="510" ind1="3" ind2=" ">
            <subfield code="a">Descripción: J. Ribera y M. Asín (dirs.), Manuscritos árabes y aljamiados de la biblioteca de la Junta: noticia y extractos, Madrid: Junta para la ampliación de Estudios e Investigaciones Científicas, 1912, 57-69</subfield>
          </datafield>
          <datafield tag="510" ind1="4" ind2=" ">
            <subfield code="a">Bibliografía: J. Ribera y M. Asín (dirs.), Manuscritos árabes y aljamiados de la biblioteca de la Junta: noticia y extractos, Madrid: Junta para la ampliación de Estudios e Investigaciones Científicas, 1912, 57-69. -Enciclopedia de al-Andalus: diccionario de autores y obras andalusíes, Jorge Lirola Delgado y José Miguel Puerta Vílchez (dirs.), Sevilla, Granada: Consejería de Cultura de la Junta de Andalucía-El Legado Andalusí, 2002, v.1, [67] Al-Būntī, Abū Muḥammad, 136-138.</subfield>
          </datafield>
          <datafield tag="520" ind1="2" ind2=" ">
            <subfield code="a">Formulario notarial: Abū M. ʽAl. b. Fattūḥ b. Mūsā b. a. ʼl-Fatḥ ʽAbdalwāḥid al-Fihrī, Al-waṯāʼiq wal-masāʼil al-magmūʽa (GAL, S.I, 661).</subfield>
          </datafield>
          <datafield tag="530" ind1=" " ind2=" ">
            <subfield code="a">Mª del P. Martínez Olmo, Colección de manuscritos árabes y aljamiados de la Biblioteca del Instituto de Filología del CSIC, Instituto de Filología CSIC, Madrid, 1998 (4 Cd-Rom), CD 1. -Instituto Miguel Asín de Estudios Arabes, Colección de manuscritos árabes y aljamiados, Microforma, Madrid: 1983-84, 25 rollos, Ms. 9,10,11.</subfield>
          </datafield>
          <datafield tag="541" ind1=" " ind2=" ">
            <subfield code="a">Procedencia: Almonacid de la Sierra. Pablo Gil. Sección Árabe Centro de Estudios Históricos (JAE). Escuela de Estudios Árabes de Madrid. Instituto de Filología, CSIC.</subfield>
            <subfield code="d">Ingreso: Junio de 1910.</subfield>
          </datafield>
          <datafield tag="546" ind1=" " ind2=" ">
            <subfield code="a">Árabe</subfield>
            <subfield code="b">con escritura magrebí</subfield>
          </datafield>
          <datafield tag="563" ind1=" " ind2=" ">
            <subfield code="a">Volumen cosido sin encuadernación con algunas hojas sueltas.</subfield>
          </datafield>
          <datafield tag="595" ind1=" " ind2=" ">
            <subfield code="a">No.</subfield>
          </datafield>
          <datafield tag="650" ind1=" " ind2="7">
            <subfield code="a">Manuscritos árabes.</subfield>
            <subfield code="2">CSICAU</subfield>
          </datafield>
          <datafield tag="650" ind1=" " ind2="7">
            <subfield code="a">Manuscritos aljamiados.</subfield>
            <subfield code="2">CSICAU</subfield>
          </datafield>
          <datafield tag="650" ind1=" " ind2="7">
            <subfield code="a">Derecho islámico.</subfield>
            <subfield code="2">CSICAU</subfield>
          </datafield>
          <datafield tag="650" ind1=" " ind2="7">
            <subfield code="a">Derecho notarial</subfield>
            <subfield code="v">formularios.</subfield>
            <subfield code="2">CSICAU</subfield>
          </datafield>
          <datafield tag="700" ind1="1" ind2=" ">
            <subfield code="a">Abū Muḥammad ʽAbd Allāh b. ʽAbd al-Waḥid al-Fihrī</subfield>
          </datafield>
          <datafield tag="700" ind1="1" ind2=" ">
            <subfield code="a">احمد</subfield>
          </datafield>
          <datafield tag="700" ind1="1" ind2=" ">
            <subfield code="a">Aḥmad</subfield>
            <subfield code="e">copista</subfield>
          </datafield>
          <datafield tag="740" ind1="3" ind2=" ">
            <subfield code="a">Al-safr al-ṯāni min al-waṯāʼiq wa-l-masāʼil al-ŷumūʽa min kutub al-fuqahaʼ Muḥammad b. ʽAbd Allāh b. Abī Zaminīn wa Muḥammad b. Aḥmad b. al-ʽAṭār wa Aḥmad b. Saʽīd b. al-Hindī wa Mūsà b. Aḥmad ʽalà al-fāẓihim wa maʽānīhim.</subfield>
          </datafield>
          <datafield tag="830" ind1=" " ind2="0">
            <subfield code="a">Manuscripta</subfield>
          </datafield>
          <datafield tag="856" ind1="4" ind2="1">
            <subfield code="u">http://aleph.csic.es/imagenes/mad01/0006_PMSC/P_001227493_650866_V00.pdf</subfield>
            <subfield code="z">Descargar Pdf completo (31M)</subfield>
            <subfield code="m">CSIC</subfield>
          </datafield>
          <datafield tag="856" ind1="4" ind2="1">
            <subfield code="u">http://aleph.csic.es/imagenes/mad01/0006_PMSC/html/001227493.html</subfield>
            <subfield code="z">Ver texto completo en Bookreader</subfield>
          </datafield>
          <datafield tag="856" ind1="4" ind2="1">
            <subfield code="u">http://simurg.csic.es/view/270498</subfield>
            <subfield code="z">Acceso a la versión digitalizada en Simurg</subfield>
          </datafield>
          <datafield tag="040" ind1=" " ind2=" ">
            <subfield code="a">ES-MaCSI</subfield>
            <subfield code="b">spa</subfield>
          </datafield>
        </record>
      </metadata>
    </record>