
    <record>
      <header>
        <identifier>oai:alma.34CSIC_INST:990012275640204201</identifier>
        <datestamp>2022-07-01T05:01:55Z</datestamp>
        <setSpec>manuscripta</setSpec>
        <setSpec>csic-bibliografico</setSpec>
      </header>
      <metadata>
        <record xmlns="http://www.loc.gov/MARC21/slim" xmlns:xsi="http://www.w3.org/2001/XMLSchema-instance" xsi:schemaLocation="http://www.loc.gov/MARC21/slim http://www.loc.gov/standards/marcxml/schema/MARC21slim.xsd">
          <leader>08204ntm a2200625 i 4500</leader>
          <controlfield tag="005">20220609123408.0</controlfield>
          <controlfield tag="008">100331q1585    sp            000 0 ara d</controlfield>
          <controlfield tag="001">990012275640204201</controlfield>
          <datafield tag="035" ind1=" " ind2=" ">
            <subfield code="a">CSIC001227564</subfield>
          </datafield>
          <datafield tag="035" ind1=" " ind2=" ">
            <subfield code="a">(ES-MaCSI)001227564MAD01-Aleph</subfield>
          </datafield>
          <datafield tag="035" ind1=" " ind2=" ">
            <subfield code="a">(OCoLC)1123954616
</subfield>
          </datafield>
          <datafield tag="080" ind1=" " ind2=" ">
            <subfield code="a">091(=411.21)</subfield>
          </datafield>
          <datafield tag="080" ind1=" " ind2=" ">
            <subfield code="a">348.9:28</subfield>
          </datafield>
          <datafield tag="100" ind1="1" ind2=" ">
            <subfield code="a">Abū l-Qāsim ibn al-Gallāb.</subfield>
          </datafield>
          <datafield tag="240" ind1="1" ind2="4">
            <subfield code="a">“El quiteb de la Tafría”</subfield>
          </datafield>
          <datafield tag="245" ind1="1" ind2="3">
            <subfield code="a">El quiteb de la Tafría </subfield>
            <subfield code="h">[Manuscrito]</subfield>
            <subfield code="c">/ Abū l-Qāsim ibn al-Gallāb.</subfield>
          </datafield>
          <datafield tag="260" ind1=" " ind2=" ">
            <subfield code="a">[S.l.],</subfield>
            <subfield code="c">“Lunes, 27 de rabi’ al-awwal / 8 de marzo del año 993”, citado en dos ocasiones en el f. 593r. Corresponde al año 1584 de la era.</subfield>
          </datafield>
          <datafield tag="300" ind1=" " ind2=" ">
            <subfield code="a">592 ff. (Una col., 13 líneas por pág.) :</subfield>
            <subfield code="b">papel ;</subfield>
            <subfield code="c">26 x 20 cms (caja: 18 x 13 cm.).</subfield>
          </datafield>
          <datafield tag="490" ind1="0" ind2=" ">
            <subfield code="a">Manuscripta</subfield>
          </datafield>
          <datafield tag="500" ind1=" " ind2=" ">
            <subfield code="a">Incipit: (بعد البسملة) كِتَاتُ. ءَالطَّهَارَةِ. ذِيشُ ءَالدُتُرْ اِمَئَاشْتُرُ اِيَانْتَانْدِذُ اَبُوَالْقَاسِمْ عُبَيْدِاِللهِ</subfield>
          </datafield>
          <datafield tag="500" ind1=" " ind2=" ">
            <subfield code="a">Explicit: اَكَبَشَا ءَالَلْكِتَابْ ذَالَتَفَرِيَعَ كُنْ لَشْ لُاُرَاشْاَذَاللهْ اِلَبُوَانَدَاشُاَيُذَاِشُفَبُرْ اِشُذَافِيَانْشَ</subfield>
          </datafield>
          <datafield tag="500" ind1=" " ind2=" ">
            <subfield code="a">Tinta marrón oscura, muy ferrogálica, y roja para capítulos y la palabra “faṣl”, que significa “párrafo”.</subfield>
          </datafield>
          <datafield tag="500" ind1=" " ind2=" ">
            <subfield code="a">Copista: Mūsa Barbaḍ y Yassà Escribano.</subfield>
          </datafield>
          <datafield tag="500" ind1=" " ind2=" ">
            <subfield code="a">Colofón: F. 592v.</subfield>
          </datafield>
          <datafield tag="500" ind1=" " ind2=" ">
            <subfield code="a">Características especiales: Tabla de materias comienzo del libro.</subfield>
          </datafield>
          <datafield tag="500" ind1=" " ind2=" ">
            <subfield code="a">Ilustración: No.</subfield>
          </datafield>
          <datafield tag="500" ind1=" " ind2=" ">
            <subfield code="a">Ilustraciones: Cenefas, motivos florales, tres puntos en forma de pirámide, manecillas. ‘Unwān.</subfield>
          </datafield>
          <datafield tag="500" ind1=" " ind2=" ">
            <subfield code="a">Tipo de cuaderno: Sexternos.</subfield>
          </datafield>
          <datafield tag="500" ind1=" " ind2=" ">
            <subfield code="a">Deterioros: Muchas manchas de humedad, que cubren la práctica totalidad de la caja de escritura de los primeros y últimos folios.</subfield>
          </datafield>
          <datafield tag="500" ind1=" " ind2=" ">
            <subfield code="a">H. en blanco: Primeras 13 hojas de guarda, 1r, y 4 últimas hojas de guarda.</subfield>
          </datafield>
          <datafield tag="500" ind1=" " ind2=" ">
            <subfield code="a">H. dañadas, mutiladas, sueltas: Primera hoja de guarda prácticamente suelta. Hoja de guarda 12 cortada (se conserva tanto el folio como el testigo).</subfield>
          </datafield>
          <datafield tag="500" ind1=" " ind2=" ">
            <subfield code="a">H. faltan o añadidas: Falta el f. 590, después de la escritura.</subfield>
          </datafield>
          <datafield tag="500" ind1=" " ind2=" ">
            <subfield code="a">Foliación: 1-592. De época, a tinta, en el margen superior derecho del verso de cada folio, con la excepción de los primeros folios, que hay alternancia de recto, verso, o incluso combinación de los dos. Repetición de la numeración de 155.</subfield>
          </datafield>
          <datafield tag="500" ind1=" " ind2=" ">
            <subfield code="a">Reclamos: En el verso del último folio de cada cuaderno. Desaparecidos en buena parte por la guillotina.</subfield>
          </datafield>
          <datafield tag="500" ind1=" " ind2=" ">
            <subfield code="a">Signatura cuaderno: No.</subfield>
          </datafield>
          <datafield tag="500" ind1=" " ind2=" ">
            <subfield code="a">Pautado: No se aprecia.</subfield>
          </datafield>
          <datafield tag="500" ind1=" " ind2=" ">
            <subfield code="a">Filigrana: Mano con trébol.</subfield>
          </datafield>
          <datafield tag="500" ind1=" " ind2=" ">
            <subfield code="a">Signatura antigua: Junta 33</subfield>
          </datafield>
          <datafield tag="500" ind1=" " ind2=" ">
            <subfield code="a">Anotaciones: Hojas de guarda finales escritas.</subfield>
          </datafield>
          <datafield tag="510" ind1="3" ind2=" ">
            <subfield code="a">Descripción: Julián Ribera y Miguel Asín, Manuscritos árabes y aljamiados de la Biblioteca de la Junta, Madrid, Junta para Ampliación de Estudios e Investigaciones Científicas, 1912, pp. 129-130.</subfield>
          </datafield>
          <datafield tag="510" ind1="4" ind2=" ">
            <subfield code="a">Bibliografía: Soha Abboud, “Sobre los manuscritos de al-Tafri’ y de su “resumen” en El Escorial”, Qurtuba. Estudios andalusíes 3 (1998), pp. 225-227. Soha Abboud, “Difusión del tratado jurídico de al-Tafri’ de Ibn al-Gallâb en el Occidente musulmán”, en Homenaje a la profesora Carmen Orcástegui, Zaragoza, 1999, pp. 1-18. Nuria Martínez de Castilla, Una biblioteca morisca entre dos tapas, Zaragoza, IEIOP, 2010, pp. 182, 188, 340 y 341.</subfield>
          </datafield>
          <datafield tag="520" ind1=" " ind2=" ">
            <subfield code="a">1r-37v. “El Libro de la Purificación”. 37v-115r. “El Libro de la Oración”. 115r-153v. “El Libro de la limosna legal”. 153v-172v. “El Libro del ayuno”. 172v-180r. “El Libro de los entierro”. 180r-234v. “El Libro de la peregrinación”. 234v-243v. “El Libro del combate sagrado”. 243v-257v. “El Libro de los juramentos y las promesas”. 257v-261v. “El Libro de los sacrificios”. 262r-v. “El Libro de las ofrendas en honor del recién nacido”. 263r-266v. “El Libro de la caza”. 266v-268v. “El Libro de la degollación”. 269r-271v. “El Libro del comer”. 272r-274r. “El Libro de los Brebajes”. 274v-284r. “El Libro de los testamentos”. 284v-291v. “El Libro de la manumisión y del clientelismo”. 291v-295r. “El Libro de la manumisión por testamento”. 295r-302v. “El Libro de la manumisión por contrato”. 302v-304v. “El Libro de las madres esclavas”. 305r-347r. “El Libro de los casamientos”. 347v-412v. “El Libro del repudio”. 413r-452v. “El Libro de las ventas”. 453r-461v. “El Libro del alquiler”. 462r-463v. “El Libro de la sociedad”. 464r-479r. “El Libro de la sociedad en comandita”. 479r-549r. “El Libro de los juicios”. 549v-564v. “El Libro de las sangres”. 565r-577v. “El Libro de las sentencias”. 578r-587r. “El Libro de las herencias”. 587v-593r. “El Libro de las normas generales”.</subfield>
          </datafield>
          <datafield tag="530" ind1=" " ind2=" ">
            <subfield code="a">María Pilar Martínez Olmo, Colección de manuscritos árabes y aljamiados de la Biblioteca del Instituto de Filología del CSIC [recurso electrónico]: los manuscritos de la Junta, Madrid, CSIC, 1998, 4 Cd-Rom.</subfield>
          </datafield>
          <datafield tag="541" ind1=" " ind2=" ">
            <subfield code="a">Procedencia: Almonacid de la Sierra.</subfield>
            <subfield code="d">Ingreso: Junio de 1910.</subfield>
          </datafield>
          <datafield tag="546" ind1=" " ind2=" ">
            <subfield code="a">Aljamía y árabe</subfield>
            <subfield code="b">con escritura magrebí</subfield>
          </datafield>
          <datafield tag="563" ind1=" " ind2=" ">
            <subfield code="a">Pergamino, muy deteriorado por el efecto de los insectos, y la contracubierta está en buena parte desaparecida, como consecuencia del fuego y la humedad.</subfield>
          </datafield>
          <datafield tag="595" ind1=" " ind2=" ">
            <subfield code="a">Soha Abboud-Haggar, El tratado jurídico de “Al-Tafri’” de Ibn al-Gallāb, Zaragoza, Institución “Fernando el Católico”, 1999, 2 vols. Alfredo Mateos y Juan Carlos Villaverde (eds.), Memoria de los moriscos. Escritos y relatos de una diáspora cultural, Madrid, SECC, 2010, pp. 150-152 (reproducción, p. 153).</subfield>
          </datafield>
          <datafield tag="650" ind1=" " ind2="7">
            <subfield code="a">Manuscritos árabes.</subfield>
            <subfield code="2">CSICAU</subfield>
          </datafield>
          <datafield tag="650" ind1=" " ind2="7">
            <subfield code="a">Manuscritos aljamiados.</subfield>
            <subfield code="2">CSICAU</subfield>
          </datafield>
          <datafield tag="650" ind1=" " ind2="7">
            <subfield code="a">Derecho islámico.</subfield>
            <subfield code="2">CSICAU</subfield>
          </datafield>
          <datafield tag="830" ind1=" " ind2="0">
            <subfield code="a">Manuscripta</subfield>
          </datafield>
          <datafield tag="856" ind1="4" ind2="1">
            <subfield code="u">http://aleph.csic.es/imagenes/mad01/0006_PMSC/P_001227564_650975_V00.pdf</subfield>
            <subfield code="z">Descargar Pdf completo (64M)</subfield>
            <subfield code="m">CSIC</subfield>
          </datafield>
          <datafield tag="856" ind1="4" ind2="1">
            <subfield code="u">http://aleph.csic.es/imagenes/mad01/0006_PMSC/html/001227564.html</subfield>
            <subfield code="z">Ver texto completo en Bookreader</subfield>
          </datafield>
          <datafield tag="856" ind1="4" ind2="1">
            <subfield code="u">http://simurg.csic.es/view/276848</subfield>
            <subfield code="z">Acceso a la versión digitalizada en Simurg</subfield>
          </datafield>
          <datafield tag="040" ind1=" " ind2=" ">
            <subfield code="a">ES-MaCSI</subfield>
            <subfield code="b">spa</subfield>
          </datafield>
        </record>
      </metadata>
    </record>