
    <record>
      <header>
        <identifier>oai:alma.34CSIC_INST:990013494250204201</identifier>
        <datestamp>2022-07-01T05:01:55Z</datestamp>
        <setSpec>manuscripta</setSpec>
        <setSpec>csic-bibliografico</setSpec>
      </header>
      <metadata>
        <record xmlns="http://www.loc.gov/MARC21/slim" xmlns:xsi="http://www.w3.org/2001/XMLSchema-instance" xsi:schemaLocation="http://www.loc.gov/MARC21/slim http://www.loc.gov/standards/marcxml/schema/MARC21slim.xsd">
          <leader>10658ntm a2200637 i 4500</leader>
          <controlfield tag="005">20220609123406.0</controlfield>
          <controlfield tag="008">100705n        xx            000 0 ara d</controlfield>
          <controlfield tag="001">990013494250204201</controlfield>
          <datafield tag="035" ind1=" " ind2=" ">
            <subfield code="a">CSIC001349425</subfield>
          </datafield>
          <datafield tag="035" ind1=" " ind2=" ">
            <subfield code="a">(ES-MaCSI)001349425MAD01-Aleph</subfield>
          </datafield>
          <datafield tag="035" ind1=" " ind2=" ">
            <subfield code="a">(OCoLC)1123854714</subfield>
          </datafield>
          <datafield tag="100" ind1="1" ind2=" ">
            <subfield code="a">Mayyāra, Muḥammad b. Aḥmad</subfield>
            <subfield code="d">(1590 ó 91-1661 ó 2).</subfield>
          </datafield>
          <datafield tag="245" ind1="1" ind2="2">
            <subfield code="a">الدر الثمين والمورد المعين في شرح المرشد المعين على الضرورى من علوم الدين</subfield>
            <subfield code="h">[Manuscrito]</subfield>
            <subfield code="c">/ محمّد ابن أحمد ابن محمّد الفاسي ميّارة.</subfield>
          </datafield>
          <datafield tag="260" ind1=" " ind2=" ">
            <subfield code="c">[S. f.].</subfield>
          </datafield>
          <datafield tag="300" ind1=" " ind2=" ">
            <subfield code="a">77 f. . ;</subfield>
            <subfield code="c">21,7 x 17,5 cm (caja: 15 x 10 cm).</subfield>
          </datafield>
          <datafield tag="490" ind1="1" ind2=" ">
            <subfield code="a">Manuscripta</subfield>
          </datafield>
          <datafield tag="546" ind1=" " ind2=" ">
            <subfield code="a">Arabe</subfield>
            <subfield code="b">Escritura magrebí</subfield>
          </datafield>
          <datafield tag="500" ind1=" " ind2=" ">
            <subfield code="a">Título transliterado: Al-Durr al-ṯamīn wa-l-mawrid al-muʽīn fī šarḥ al-Muršid al-muʽīn ʽalà l-ḍarūrī min ʽulūm al-dīn</subfield>
          </datafield>
          <datafield tag="500" ind1=" " ind2=" ">
            <subfield code="a">Distribución: 1 col. La mayor parte del volumen tiene 22 líneas por página. Otras varían desde 19 a 25 líneas</subfield>
          </datafield>
          <datafield tag="500" ind1=" " ind2=" ">
            <subfield code="a">Material: Papel</subfield>
          </datafield>
          <datafield tag="500" ind1=" " ind2=" ">
            <subfield code="a">Tinta: Negra, roja, amarilla y azul</subfield>
          </datafield>
          <datafield tag="500" ind1=" " ind2=" ">
            <subfield code="a">‪Incipit: ‮(بعد البسملة والتصلية والحمدلة) مرشد هذه الامّة لما اختار لها من الايمان والاسلام شرعة ومنهاجا معين من أراد به خيرا على فهم قواعدهما وحفظ فروعهما حتّى امتزجت بلحومهم ودمائهم امتزاجا</subfield>
          </datafield>
          <datafield tag="500" ind1=" " ind2=" ">
            <subfield code="a">‪Explicit: ثمّ أخبر بإنتهاء النضم وحمدا لله على ذالك وصلّى الله على النبيّ صلّى الله عليه وسلّم الهادي والكريم وصفات صلّى الله عليه وسلم وَهَذَا آخِرُ مَا قَصَدْنَاهْ من هذا المختصر نفعنا الله به وبأصله وجعله خالصا لوجهه بمنه وفضله آمين يا رب العالمين وَصَلَّى الله عَلَى سَيِِّدِنَا مُحَمَّدٍ وَآلِهِ وَصَحْبِهِ وسلّم تَسْلِيماً وَلاَحَوْلَ وَلاَ قُوَّةَ إِلاَّ بِالله الْعَلِي اَلْعَظِيم</subfield>
          </datafield>
          <datafield tag="500" ind1=" " ind2=" ">
            <subfield code="a">Lugar de escritura: No consta</subfield>
          </datafield>
          <datafield tag="500" ind1=" " ind2=" ">
            <subfield code="a">Copista: No consta</subfield>
          </datafield>
          <datafield tag="500" ind1=" " ind2=" ">
            <subfield code="a">Colofón: No consta</subfield>
          </datafield>
          <datafield tag="500" ind1=" " ind2=" ">
            <subfield code="a">Características especiales: Texto sin vocalizar</subfield>
          </datafield>
          <datafield tag="500" ind1=" " ind2=" ">
            <subfield code="a">Ilustración: No</subfield>
          </datafield>
          <datafield tag="500" ind1=" " ind2=" ">
            <subfield code="a">Ilustraciones: La caja aparece enmarcada con un doble marco rojo y otro azul por el exterior. Entre oraciones, a modo de signo de puntuación y/o de decoración, se utiliza indistintamente en tinta azul, negra o roja un punto. La coma árabe (٬) sólo aparece en los primeros folios del volumen, en su mayoría en tinta azul y en escasa ocasiones en tinta roja. Los poemas se marcan en su totalidad en tinta roja, mientras que los epígrafes y algunas palabras del texto lo hacen unas veces en tinta negra y otras en tinta roja o amarilla e incluso, en escasas ocasiones, en azul.</subfield>
          </datafield>
          <datafield tag="500" ind1=" " ind2=" ">
            <subfield code="a">Tipo de cuaderno: No se pueden contar todos los cuadernos porque algunos se han deshecho. Se conservan intactos sólo 2 bifolios, 2 terniones, un cuaternión y un quinión, el resto son folios sueltos.</subfield>
          </datafield>
          <datafield tag="500" ind1=" " ind2=" ">
            <subfield code="a">Deterioros: En general, buen estado del texto. Descosido de los cuadernos y deterioro severo de la encuadernación. En todos los folios del volumen hay galerías y manchas que afectan al texto.</subfield>
          </datafield>
          <datafield tag="500" ind1=" " ind2=" ">
            <subfield code="a">H en blanco: No</subfield>
          </datafield>
          <datafield tag="500" ind1=" " ind2=" ">
            <subfield code="a">H dañadas, mutiladas, sueltas: H dañadas: todos los folios del volumen. H sueltas: todos los folios del volumen están sueltos por el deterioro de la encuadernación excepto los 2 primeros del volumen que componen un bifolio y algunos del final del volumen</subfield>
          </datafield>
          <datafield tag="500" ind1=" " ind2=" ">
            <subfield code="a">H faltan o añadidas: No</subfield>
          </datafield>
          <datafield tag="500" ind1=" " ind2=" ">
            <subfield code="a">Foliación: Sin foliación original. Foliación moderna a lápiz hecha por Naima Anahnah (2010)</subfield>
          </datafield>
          <datafield tag="500" ind1=" " ind2=" ">
            <subfield code="a">Reclamos: Reclamos en tinta negra en el margen inferior izquierdo de todos los folios verso.</subfield>
          </datafield>
          <datafield tag="500" ind1=" " ind2=" ">
            <subfield code="a">Sign. cuad.: No</subfield>
          </datafield>
          <datafield tag="500" ind1=" " ind2=" ">
            <subfield code="a">Pautado: Punta seca (casi inapreciable). Líneas rectrices con una regularidad de 7 mm.</subfield>
          </datafield>
          <datafield tag="500" ind1=" " ind2=" ">
            <subfield code="a">Filigrana: No</subfield>
          </datafield>
          <datafield tag="563" ind1=" " ind2=" ">
            <subfield code="a">Encuadernación: Cartera con solapa de cierre en piel roja sobre cartón y con mosaico en dorado. La decoración de las tapas está formada por dos recuadros de un hilo gofrado (en seco) unidos ambos por otro hilo en bisel; el recuadro interior con decoración en oro de hierros cuadrados; florón central compuesto de cuatro hierros iguales a los anteriores, agrupados y dispuestos en losange. - Otros hierros dorados con motivos que se repiten en la solapa y en el lomo de corte vertical. - El lomo está liso.</subfield>
          </datafield>
          <datafield tag="541" ind1=" " ind2=" ">
            <subfield code="a">Compra</subfield>
            <subfield code="c">[Familia Granados Montoro]</subfield>
            <subfield code="d">Ingreso: 25 de junio de 1986</subfield>
          </datafield>
          <datafield tag="500" ind1=" " ind2=" ">
            <subfield code="a">Signatura antigua: VOL. XXV ; CAJA 1-4</subfield>
          </datafield>
          <datafield tag="500" ind1=" " ind2=" ">
            <subfield code="a">Anotaciones: Frecuentes anotaciones marginales en tinta negra o marrón en todo el volumen, tanto del mismo copista como de una mano posterior. También, aparece la palabra قف en tinta roja encima de algunos vocablos del texto o en los márgenes, con esta palabra se hace una llamada de atención sobre los vocablos correspondientes. A partir del folio 21r se advierte un cambio de mano del copista. En el folio 1r aparece una anotación sobre el contenido del volumen en tinta roja dividida en siete líneas que de forma descendiente va formando una cuña. Esta anotación va encabezada por la basmala y la taṣliya que ocupan los dos primeros renglones y en un tercero recoge cuestiones gramaticales. Por otro lado, en el interior de la tapa posterior, escrito a lápiz, se leen las antiguas signaturas del volumen: Caja 1,4 y VOL. XXV. Además, en el interior de la solapa de cierre aparece a lápiz el número 6, que probablemente hacía referencia al número de catalogación del volumen antes de su ingreso en la BEEA.</subfield>
          </datafield>
          <datafield tag="581" ind1=" " ind2=" ">
            <subfield code="a">Descripción: Manuscritos árabes y fondo antiguo de la Escuela de Estudios Árabes, Granada, 2007, 101</subfield>
          </datafield>
          <datafield tag="581" ind1=" " ind2=" ">
            <subfield code="a">No</subfield>
          </datafield>
          <datafield tag="530" ind1=" " ind2=" ">
            <subfield code="a">No</subfield>
          </datafield>
          <datafield tag="510" ind1="4" ind2=" ">
            <subfield code="a">Manuscritos árabes y fondo antiguo de la Escuela de Estudios Árabes</subfield>
            <subfield code="c">p. 101</subfield>
          </datafield>
          <datafield tag="520" ind1="2" ind2=" ">
            <subfield code="a">Contenido: Al-durr al-ṯamīn wa-l-mawrid al-muʽīn fī šarḥ al-Muršid al-muʽīn ʽalà l-ḍarūrī min ʽulūm al-dīn</subfield>
          </datafield>
          <datafield tag="650" ind1=" " ind2="7">
            <subfield code="a">Islam</subfield>
            <subfield code="x">Doctrinas</subfield>
            <subfield code="v">Manuscritos.</subfield>
            <subfield code="2">CSICAU</subfield>
          </datafield>
          <datafield tag="600" ind1="1" ind2="7">
            <subfield code="a">Ibn ʽĀšir, ʽAbd al-Wāḥid b. Aḥmad</subfield>
            <subfield code="d">(1582 ó 3-1630 ó 31)</subfield>
            <subfield code="t">Al-muršid al-muʽīn ʽalà l-ḍarūrī min ʽulūm al-dīn</subfield>
            <subfield code="x">Crítica e interpretación</subfield>
            <subfield code="v">Manuscritos</subfield>
            <subfield code="2">CSICAU</subfield>
          </datafield>
          <datafield tag="740" ind1="3" ind2=" ">
            <subfield code="a">Al-durr al-ṯamīn wa-l-mawrid al-muʽīn fī šarḥ al-Muršid al-muʽīn ʽalà l-ḍarūrī min ʽulūm al-dīn</subfield>
          </datafield>
          <datafield tag="830" ind1=" " ind2="0">
            <subfield code="a">Manuscripta</subfield>
          </datafield>
          <datafield tag="856" ind1="4" ind2="1">
            <subfield code="u">http://aleph.csic.es/imagenes/mad01/0006_PMSC/P_001349425_782167_V00.pdf</subfield>
            <subfield code="z">Descargar Pdf completo (25M)</subfield>
            <subfield code="m">CSIC</subfield>
          </datafield>
          <datafield tag="856" ind1="4" ind2="1">
            <subfield code="u">http://aleph.csic.es/imagenes/mad01/0006_PMSC/html/001349425.html</subfield>
            <subfield code="z">Ver texto completo en Bookreader</subfield>
          </datafield>
          <datafield tag="856" ind1="4" ind2="1">
            <subfield code="u">http://simurg.csic.es/view/291651</subfield>
            <subfield code="z">Acceso a la versión digitalizada en Simurg</subfield>
          </datafield>
          <datafield tag="040" ind1=" " ind2=" ">
            <subfield code="a">ES-MaCSI</subfield>
            <subfield code="b">spa</subfield>
          </datafield>
        </record>
      </metadata>
    </record>