
    <record>
      <header>
        <identifier>oai:alma.34CSIC_INST:990012275220204201</identifier>
        <datestamp>2022-07-01T05:01:55Z</datestamp>
        <setSpec>manuscripta</setSpec>
        <setSpec>csic-bibliografico</setSpec>
      </header>
      <metadata>
        <record xmlns="http://www.loc.gov/MARC21/slim" xmlns:xsi="http://www.w3.org/2001/XMLSchema-instance" xsi:schemaLocation="http://www.loc.gov/MARC21/slim http://www.loc.gov/standards/marcxml/schema/MARC21slim.xsd">
          <leader>13534ntm a2200853 i 4500</leader>
          <controlfield tag="005">20220609123408.0</controlfield>
          <controlfield tag="008">100331q1390    sp            000 0 ara d</controlfield>
          <controlfield tag="001">990012275220204201</controlfield>
          <datafield tag="035" ind1=" " ind2=" ">
            <subfield code="a">CSIC001227522</subfield>
          </datafield>
          <datafield tag="035" ind1=" " ind2=" ">
            <subfield code="a">(ES-MaCSI)001227522MAD01-Aleph</subfield>
          </datafield>
          <datafield tag="035" ind1=" " ind2=" ">
            <subfield code="a">(OCoLC)1124069924
</subfield>
          </datafield>
          <datafield tag="080" ind1=" " ind2=" ">
            <subfield code="a">091(=411.21)</subfield>
          </datafield>
          <datafield tag="080" ind1=" " ind2=" ">
            <subfield code="a">28</subfield>
          </datafield>
          <datafield tag="245" ind1="1" ind2="0">
            <subfield code="a">[Sermones islámicos]</subfield>
            <subfield code="h">[Manuscrito]</subfield>
          </datafield>
          <datafield tag="260" ind1=" " ind2=" ">
            <subfield code="a">[S.l.],</subfield>
            <subfield code="c">[s.a.].</subfield>
          </datafield>
          <datafield tag="300" ind1=" " ind2=" ">
            <subfield code="a">ff. :</subfield>
            <subfield code="b">Papel tratado ;</subfield>
            <subfield code="c">21,5x15,5 cm.</subfield>
          </datafield>
          <datafield tag="490" ind1="0" ind2=" ">
            <subfield code="a">Manuscripta</subfield>
          </datafield>
          <datafield tag="500" ind1=" " ind2=" ">
            <subfield code="a">Tinta negra</subfield>
          </datafield>
          <datafield tag="500" ind1=" " ind2=" ">
            <subfield code="a">Colofón: No</subfield>
          </datafield>
          <datafield tag="500" ind1=" " ind2=" ">
            <subfield code="a">Características especiales: No</subfield>
          </datafield>
          <datafield tag="500" ind1=" " ind2=" ">
            <subfield code="a">Ilustración: No</subfield>
          </datafield>
          <datafield tag="500" ind1=" " ind2=" ">
            <subfield code="a">Deterioros generales: Mancha de humedad en todo el vol., algunas manchas de tinta, galerías por insectos. Mutilado en la parte final del vol., quedan restos de 16 folios. Enc. muy deteriorada por insectos.</subfield>
          </datafield>
          <datafield tag="500" ind1=" " ind2=" ">
            <subfield code="a">Reclamos: Sólo en f.100.</subfield>
          </datafield>
          <datafield tag="500" ind1=" " ind2=" ">
            <subfield code="a">Sin signaturas de cuaderno</subfield>
          </datafield>
          <datafield tag="500" ind1=" " ind2=" ">
            <subfield code="a">Signatura antigua: Junta 17</subfield>
          </datafield>
          <datafield tag="500" ind1=" " ind2=" ">
            <subfield code="a">Anotaciones: f.1r: “Este libro trata de alhotbas de las pasquas y algunas rogativas del agua” (tinta posterior a la copia).</subfield>
          </datafield>
          <datafield tag="501" ind1=" " ind2=" ">
            <subfield code="a">[1 parte]:</subfield>
          </datafield>
          <datafield tag="501" ind1=" " ind2=" ">
            <subfield code="a">Título: النباتيات [Al-nubātiyyāt] / ابو يحيى عبد الرحيم بن محمد بن اسمعيل بن نباتة [Abū Yaḥyà ʽAbd al-Raḥīm b. Muḥammad b. Ismaʽīl ibn Nubāta]. -- 67 de 122 ff. y 1 de guarda (1 col., 16-21 líneas por pág.) ; 21,5x15,5 cm. (caja: 16x9,2 cm.).</subfield>
          </datafield>
          <datafield tag="501" ind1=" " ind2=" ">
            <subfield code="a">[cont. Título 1]:</subfield>
          </datafield>
          <datafield tag="501" ind1=" " ind2=" ">
            <subfield code="a">Incipit: [بسملة وتصلية] النُّبَتِيَات. خطبة جمغية يذكر فيها الموت والمعاد. الحمد لله المجير الذي لا يُذَلُّ مَن لاذَ بِعِزِه النَّصِيرِ الَّذي لا يُفَلُّ مَن عاذَ</subfield>
          </datafield>
          <datafield tag="501" ind1=" " ind2=" ">
            <subfield code="a">Explicit: اللّهُم صلى عَلَى محمَّدٍ وأَل مُحمَّد وَانرْ في الْقِيَامَةِ وَجْهَ مَنْ اَثْنى عَلَيهِ. الى اخرها كما تقدَّم</subfield>
          </datafield>
          <datafield tag="501" ind1=" " ind2=" ">
            <subfield code="a">[cont. Título 1]:</subfield>
          </datafield>
          <datafield tag="501" ind1=" " ind2=" ">
            <subfield code="a">Un copista desconocido. -- Ilustraciones: Alguna geométrica y floral al final de alguna jutba para rellenar la pág. -- Tipo de cuaderno: 5 cuadernos de 6 bifolios y uno de 5. -- H en blanco: 67v, dos entre 67 y 68, dos entre 76 y 77, y 79r. -- H dañadas, mutiladas, sueltas: Dañadas: galerías por insectos: 1-4 (hoja de guarda y 1 muy afectadas). -- Mutiladas en el margen lateral externo: 107-122, en la esquina inferior: 100. -- H. faltan o añadidas: Añadidas: 76. Faltan: folios finales del volumen. -- Foliación: 1-67. A lápiz en el margen superior derecho del verso. -- Pautado: No se aprecia. Distancia interlineal muy regular: 1 cm. -- Filigrana: Bifolios 23-32, 25-30, 26-29, 27-28, 35-44, 36-43, 38-41, 47-56, 48-55, 51-52, 59-67 bis, 61-66: serpiente, similar a Briquet nº 13758.</subfield>
          </datafield>
          <datafield tag="501" ind1=" " ind2=" ">
            <subfield code="a">[2 parte]:</subfield>
          </datafield>
          <datafield tag="501" ind1=" " ind2=" ">
            <subfield code="a">Título: ادعية الاستسقا [Adʽiyya al-istisqaʼ] / [No consta]. -- 7 de 122 ff. y 1 de guarda. Restos de 16 cortados (1 col., entre 19 líneas por pág.); 21,5x15,5 cm. (caja: 15,5x9,5 cm.).</subfield>
          </datafield>
          <datafield tag="501" ind1=" " ind2=" ">
            <subfield code="a">[cont. Título 2]:</subfield>
          </datafield>
          <datafield tag="501" ind1=" " ind2=" ">
            <subfield code="a">Incipit: اللهم يا لله اللهم يا لله اللهم يا لله اللهم يا لله يَا رَب يَا رَحْمَنُ اغثنا وَارفَقْ بنا يا لله.</subfield>
          </datafield>
          <datafield tag="501" ind1=" " ind2=" ">
            <subfield code="a">Explicit: اللَّهمَّ واْحَمْهُمْ بِالصِغَارِ الَّذِينَ لاَذَنْبَ لَهُمْ وَاعْف عَنْهُمْ وَارْحمْهُم وَاَغِثْهُم يا لله.</subfield>
          </datafield>
          <datafield tag="501" ind1=" " ind2=" ">
            <subfield code="a">[cont. Título 2]:</subfield>
          </datafield>
          <datafield tag="501" ind1=" " ind2=" ">
            <subfield code="a">Un copista desconocido. -- Ilustraciones: No. -- Tipo de cuaderno: 1 cuaderno de 5 bifolios y un folio añadido. -- H. en blanco: 67v, dos entre 67 y el 68, dos entre 76 y 77, y el 79r. -- H. dañadas, mutiladas, sueltas: Dañadas: galerías por insectos: 1-4 (hoja de guarda y 1 muy afectadas). -- Mutiladas en el margen lateral externo: 107-122, en la esquina inferior: 100. -- H. faltan o añadidas: Añadidas: f.76. Faltan: folios finales del volumen. -- Foliación: 68-74. A lápiz en el margen superior derecho del verso. -- Pautado: No se aprecia. Distancia interlineal muy regular: 0,9 cm. -- Filigrana: Bifolios 68-76 bis, 70-76, 71-74: serpiente, similar a Briquet nº 13758.</subfield>
          </datafield>
          <datafield tag="501" ind1=" " ind2=" ">
            <subfield code="a">[3 parte]:</subfield>
          </datafield>
          <datafield tag="501" ind1=" " ind2=" ">
            <subfield code="a">Título: [Sermones islámicos] / No consta. -- 44 de 122 ff. y 1 de guarda. Restos de 16 cortados (1 col., 15-21 líneas por pág.) ; 21,5x15,5 cm. (caja: 16,5-17x11-11,5 cm.).</subfield>
          </datafield>
          <datafield tag="501" ind1=" " ind2=" ">
            <subfield code="a">[cont. Título 3]:</subfield>
          </datafield>
          <datafield tag="501" ind1=" " ind2=" ">
            <subfield code="a">Incipit: خُطْبَةُ الدَّجَّال. اَلْحَمْدُ لله الْقَدِيمِ بِغَيْرْ اَجَلٍ الدَّايم بِلاَ زَوَال. الْمُتَعَال عَن النظْرَاءِ وَالاِشْكالِ الْغضنِي عن الحْرَكَات.</subfield>
          </datafield>
          <datafield tag="501" ind1=" " ind2=" ">
            <subfield code="a">Explicit: وَالارضِ اِنَّهُ لَحَقُ مِثْلَ مَا أَنَّكمْ تَنْطِقُونَ فانا اصِيكُمْ عِبَادَ الله وَنَفْسِي بِتَقْوَى الله الْعظِيم الّذِي هُوَ.</subfield>
          </datafield>
          <datafield tag="501" ind1=" " ind2=" ">
            <subfield code="a">[cont. Título 3]:</subfield>
          </datafield>
          <datafield tag="501" ind1=" " ind2=" ">
            <subfield code="a">Varios copistas desconocidos. -- Ilustraciones: No. -- Tipo de cuaderno: 2 cuadernos de 6 bifolios y la mitad de uno de 5 bifolios. -- H. en blanco: 67v, dos entre 67 y 68, dos entre 76 y 77, y el 79r. -- H. dañadas, mutiladas, sueltas: Dañadas: galerías por insectos: 1-4 (hoja de guarda y 1 muy afectadas). -- Mutiladas en el margen lateral externo: 107-122, en la esquina inferior: 100. -- H. faltan o añadidas: Añadidas: f.76. Faltan: folios finales del volumen. -- Foliación: 75-118. A lápiz en el margen superior derecho del verso. -- Pautado: No se aprecia. Distancia interlineal muy variable: 0,9-1,4 cm. -- Filigrana: Bifolios 82-83, 79-86, 77-88, 91-98, 92-97, 94-95: mano con estrella de 6 puntas, similar a Briquet nº 11201. -Bifolio 101-112: mano similar a Briquet nº 10650.</subfield>
          </datafield>
          <datafield tag="510" ind1="3" ind2=" ">
            <subfield code="a">Descripción: J. Ribera y M. Asín (dirs.), Manuscritos árabes y aljamiados de la biblioteca de la Junta: noticia y extractos, Madrid: Junta para la ampliación de Estudios e Investigaciones Científicas, 1912, 85-89.</subfield>
          </datafield>
          <datafield tag="510" ind1="4" ind2=" ">
            <subfield code="a">Bibliografía: J. Ribera y M. Asín (dirs.), Manuscritos árabes y aljamiados de la biblioteca de la Junta: noticia y extractos, Madrid: Junta para la ampliación de Estudios e Investigaciones Científicas, 1912, 85-89. -Noria Attou, Los sermones de Ibn Nubata según el manuscrito hallado en Almonacid de la Sierra, tesis inédita dirigida por Josep Puig Montada, Universidad Complutense, Madrid, 2004.</subfield>
          </datafield>
          <datafield tag="520" ind1="2" ind2=" ">
            <subfield code="a">[Parte 1]: Compendio de sermones de Ibn Nubāta ʽAbdarrahīm b. M. b. Ism. Al- Huḏāqī al-Fāriqī (Brockelmann, I, 92), conocido como Al-nubātiyyāt.</subfield>
          </datafield>
          <datafield tag="520" ind1="2" ind2=" ">
            <subfield code="a">[Parte 2]: Rogativas anónimas para pedir agua.</subfield>
          </datafield>
          <datafield tag="520" ind1="2" ind2=" ">
            <subfield code="a">[Parte 3]: Sermones islámicos anónimos sobre diferentes temas (el anticristo, ʽAīd al-fiṭr, ʽAīd al-Aḍḥiyya, nacimiento del profeta, del viernes, etc.)</subfield>
          </datafield>
          <datafield tag="530" ind1=" " ind2=" ">
            <subfield code="a">Mª del P. Martínez Olmo, Colección de manuscritos árabes y aljamiados de la Biblioteca del Instituto de Filología del CSIC, Instituto de Filología CSIC, Madrid, 1998 (4 Cd-Rom), CD 2.</subfield>
          </datafield>
          <datafield tag="541" ind1=" " ind2=" ">
            <subfield code="a">Procedencia: Almonacid de la Sierra. Pablo Gil. Sección Árabe Centro de Estudios Históricos (JAE). Escuela de Estudios Árabes de Madrid. Instituto de Filología, CSIC.</subfield>
            <subfield code="d">Ingreso: Junio de 1910.</subfield>
          </datafield>
          <datafield tag="546" ind1=" " ind2=" ">
            <subfield code="a">Árabe</subfield>
            <subfield code="b">con escritura magrebí</subfield>
          </datafield>
          <datafield tag="563" ind1=" " ind2=" ">
            <subfield code="a">Enc. en piel marrón muy deteriorada por insectos. Tapa trasera muy deteriorada y mutilada.</subfield>
          </datafield>
          <datafield tag="595" ind1=" " ind2=" ">
            <subfield code="a">Noria Attou, Los sermones de Ibn Nubata según el manuscrito hallado en Almonacid de la Sierra, tesis inédita dirigida por Josep Puig Montada, Universidad Complutense, Madrid, 2004.</subfield>
          </datafield>
          <datafield tag="650" ind1=" " ind2="7">
            <subfield code="a">Manuscritos árabes.</subfield>
            <subfield code="2">CSICAU</subfield>
          </datafield>
          <datafield tag="650" ind1=" " ind2="7">
            <subfield code="a">Manuscritos aljamiados.</subfield>
            <subfield code="2">CSICAU</subfield>
          </datafield>
          <datafield tag="650" ind1=" " ind2="7">
            <subfield code="a">Islam.</subfield>
            <subfield code="2">CSICAU</subfield>
          </datafield>
          <datafield tag="650" ind1=" " ind2="7">
            <subfield code="a">Jutba</subfield>
            <subfield code="2">CSICAU</subfield>
          </datafield>
          <datafield tag="650" ind1=" " ind2="7">
            <subfield code="a">Sermones árabes.</subfield>
            <subfield code="2">CSICAU</subfield>
          </datafield>
          <datafield tag="700" ind1="1" ind2=" ">
            <subfield code="a">ابو يحيى عبد الرحيم بن محمد بن اسمعيل بن نباتة</subfield>
          </datafield>
          <datafield tag="700" ind1="1" ind2=" ">
            <subfield code="a">Abū Yaḥyà ʽAbd al-Raḥīm b. Muḥammad b. Ismaʽīl ibn Nubāta</subfield>
          </datafield>
          <datafield tag="740" ind1="0" ind2=" ">
            <subfield code="a">النباتيات</subfield>
          </datafield>
          <datafield tag="740" ind1="0" ind2=" ">
            <subfield code="a">Al-nubātiyyāt</subfield>
          </datafield>
          <datafield tag="740" ind1="0" ind2=" ">
            <subfield code="a">ادعية الاستسقا</subfield>
          </datafield>
          <datafield tag="740" ind1="0" ind2=" ">
            <subfield code="a">Adʽiyya al-istisqaʼ</subfield>
          </datafield>
          <datafield tag="740" ind1="0" ind2=" ">
            <subfield code="a">[Sermones islámicos]</subfield>
          </datafield>
          <datafield tag="830" ind1=" " ind2="0">
            <subfield code="a">Manuscripta</subfield>
          </datafield>
          <datafield tag="856" ind1="4" ind2="1">
            <subfield code="u">http://aleph.csic.es/imagenes/mad01/0006_PMSC/P_001227522_650917_V00.pdf</subfield>
            <subfield code="z">Descargar Pdf completo (36M)</subfield>
            <subfield code="m">CSIC</subfield>
          </datafield>
          <datafield tag="856" ind1="4" ind2="1">
            <subfield code="u">http://aleph.csic.es/imagenes/mad01/0006_PMSC/html/001227522.html</subfield>
            <subfield code="z">Ver texto completo en Bookreader</subfield>
          </datafield>
          <datafield tag="856" ind1="4" ind2="1">
            <subfield code="u">http://simurg.csic.es/view/272012</subfield>
            <subfield code="z">Acceso a la versión digitalizada en Simurg</subfield>
          </datafield>
          <datafield tag="040" ind1=" " ind2=" ">
            <subfield code="a">ES-MaCSI</subfield>
            <subfield code="b">spa</subfield>
          </datafield>
        </record>
      </metadata>
    </record>