
    <record>
      <header>
        <identifier>oai:alma.34CSIC_INST:990012275320204201</identifier>
        <datestamp>2022-07-01T05:01:55Z</datestamp>
        <setSpec>manuscripta</setSpec>
        <setSpec>csic-bibliografico</setSpec>
      </header>
      <metadata>
        <record xmlns="http://www.loc.gov/MARC21/slim" xmlns:xsi="http://www.w3.org/2001/XMLSchema-instance" xsi:schemaLocation="http://www.loc.gov/MARC21/slim http://www.loc.gov/standards/marcxml/schema/MARC21slim.xsd">
          <leader>06689ntm a2200601 i 4500</leader>
          <controlfield tag="005">20220609123409.0</controlfield>
          <controlfield tag="008">100331q1500    sp            000 0 ara d</controlfield>
          <controlfield tag="001">990012275320204201</controlfield>
          <datafield tag="035" ind1=" " ind2=" ">
            <subfield code="a">CSIC001227532</subfield>
          </datafield>
          <datafield tag="035" ind1=" " ind2=" ">
            <subfield code="a">(ES-MaCSI)001227532MAD01-Aleph</subfield>
          </datafield>
          <datafield tag="035" ind1=" " ind2=" ">
            <subfield code="a">(OCoLC)1124060313
</subfield>
          </datafield>
          <datafield tag="080" ind1=" " ind2=" ">
            <subfield code="a">091(=411.21)</subfield>
          </datafield>
          <datafield tag="080" ind1=" " ind2=" ">
            <subfield code="a">398.3(=411.21)</subfield>
          </datafield>
          <datafield tag="240" ind1="1" ind2="0">
            <subfield code="a">Libro de dichos maravillosos</subfield>
          </datafield>
          <datafield tag="245" ind1="1" ind2="1">
            <subfield code="a">“Libro de dichos maravillosos”</subfield>
            <subfield code="h">[Manuscrito]</subfield>
          </datafield>
          <datafield tag="260" ind1=" " ind2=" ">
            <subfield code="a">[S.l.],</subfield>
            <subfield code="c">[s.f., XVI].</subfield>
          </datafield>
          <datafield tag="300" ind1=" " ind2=" ">
            <subfield code="a">576 ff. (Una col., entre 10 y 13 líneas por pág.) :</subfield>
            <subfield code="b">papel ;</subfield>
            <subfield code="c">19,8 x 13,5 cms (caja: 13,5 x 8,1 cms.). Las últimas 12 hojas presentan una medida menor: 18,1 x 12,4 cms (caja: 10,8 x 8,3 cm.).</subfield>
          </datafield>
          <datafield tag="490" ind1="0" ind2=" ">
            <subfield code="a">Manuscripta</subfield>
          </datafield>
          <datafield tag="500" ind1=" " ind2=" ">
            <subfield code="a">Incipit: (بعد البسملة). ءَاشْتَاءَالْ لِبْرُ دَاذِيجُّشْمَرَبِلُّشُشْ اِيَاشْ ءَاشْ ءَاشْتَا ءَالْبِّرِمَارُ كَا لُذِيشُ ءَالَنَبِي</subfield>
          </datafield>
          <datafield tag="500" ind1=" " ind2=" ">
            <subfield code="a">Explicit: كَاشْ كُمُلَ كَشَدَاشِنْبُّوَارْتَ كَادَانْتَرَنْ ءَانَالَّتُدُشْ لُشْ كَاكِيَارَانْ يَشِشُنْ لَشْبَّارْشُنَشْ شِنَلْ خَارْزَاشْ بَّرَ لُشْاَشَايْ طَانَاشْ.</subfield>
          </datafield>
          <datafield tag="500" ind1=" " ind2=" ">
            <subfield code="a">Tinta negra y roja; excepcionalmente amarilla.</subfield>
          </datafield>
          <datafield tag="500" ind1=" " ind2=" ">
            <subfield code="a">Copista: Desconocido. Varias manos; una de ellas parece de Muhammad Escribano.</subfield>
          </datafield>
          <datafield tag="500" ind1=" " ind2=" ">
            <subfield code="a">Colofón ; Características especiales ; ilustración: No.</subfield>
          </datafield>
          <datafield tag="500" ind1=" " ind2=" ">
            <subfield code="a">Ilustraciones: No.</subfield>
          </datafield>
          <datafield tag="500" ind1=" " ind2=" ">
            <subfield code="a">Tipo de cuaderno: Binión, ternión, cuaternión, quinión, senión y septenión.</subfield>
          </datafield>
          <datafield tag="500" ind1=" " ind2=" ">
            <subfield code="a">Deterioros: Pequeñas manchas de humedad en cortes.</subfield>
          </datafield>
          <datafield tag="500" ind1=" " ind2=" ">
            <subfield code="a">H. en blanco: Última hoja de guarda original; guardas modernas, de la época de la restauración de la encuadernación, tanto fija como volante.</subfield>
          </datafield>
          <datafield tag="500" ind1=" " ind2=" ">
            <subfield code="a">H. dañadas, mutiladas, sueltas, faltan o añadidas: No.</subfield>
          </datafield>
          <datafield tag="500" ind1=" " ind2=" ">
            <subfield code="a">Foliación: 1-573. Moderna, a lápiz, en el margen izquierdo del recto de cada folio.</subfield>
          </datafield>
          <datafield tag="500" ind1=" " ind2=" ">
            <subfield code="a">Reclamos: En el margen inferior del verso del último folio.</subfield>
          </datafield>
          <datafield tag="500" ind1=" " ind2=" ">
            <subfield code="a">Signatura cuaderno: No.</subfield>
          </datafield>
          <datafield tag="500" ind1=" " ind2=" ">
            <subfield code="a">Pautado: A punta seca.</subfield>
          </datafield>
          <datafield tag="500" ind1=" " ind2=" ">
            <subfield code="a">Filigrana: Mano con flor; lágrima en la que se inserta cruz doble, con las letras debajo: “ARA”. Esfera con tréboles.</subfield>
          </datafield>
          <datafield tag="500" ind1=" " ind2=" ">
            <subfield code="a">Signatura antigua: Junta 22</subfield>
          </datafield>
          <datafield tag="500" ind1=" " ind2=" ">
            <subfield code="a">Anotaciones: Dibujo de un ojo en los márgenes externos. Anotación de “no” en caracteres latinos en los márgenes de 37v y 38r. En esquina superior izquierda del recto de algunos folios, palabra en diagonal. Hojas de guarda iniciales escritas posteriormente.</subfield>
          </datafield>
          <datafield tag="510" ind1="3" ind2=" ">
            <subfield code="a">Descripción: Julián Ribera y Miguel Asín, Manuscritos árabes y aljamiados de la Biblioteca de la Junta, Madrid, Junta para Ampliación de Estudios e Investigaciones Científicas, 1912, pp. 98-106.</subfield>
          </datafield>
          <datafield tag="510" ind1="4" ind2=" ">
            <subfield code="a">Bibliografía: María José Cervera Fras, Manuscritos moriscos aragoneses, Zaragoza, IEIOP, 2010 (reproducción, p. 8). Nuria Martínez de Castilla, Una biblioteca morisca entre dos tapas, Zaragoza, IEIOP, 2010, p. 362. Alfredo Mateos y Juan Carlos Villaverde (eds.), Memoria de los moriscos. Escritos y relatos de una diáspora cultural, Madrid, SECC, 2010, pp. 184-187 (reproducción, pp. 74, 185).</subfield>
          </datafield>
          <datafield tag="520" ind1=" " ind2=" ">
            <subfield code="a">1v-146v. “Este [es] el Libro de dichos maravillosos”. 147r-194v. “Esti es el prencipio de las anuxuras para toda cosa”. 195r-290v. [Capítulos de temática mágica.] 291r-324r. “Este es el alquitab de las suertes”. 324r-362v. [Relación de casos y capítulos.] 364r-479r. “Esti es el alquitab de los alherces [o amuletos]”. 479v-536v. [Capítulos.] 537r-542v. “Oración para la nube de la piedra”. 543r-562v. [Sobre los momentos de la oración.] 563r-573v. [Dichos y otros capítulos.]</subfield>
          </datafield>
          <datafield tag="530" ind1=" " ind2=" ">
            <subfield code="a">María Pilar Martínez Olmo, Colección de manuscritos árabes y aljamiados de la Biblioteca del Instituto de Filología del CSIC [recurso electrónico]: los manuscritos de la Junta, Madrid, CSIC, 1998, 4 Cd-Rom.</subfield>
          </datafield>
          <datafield tag="541" ind1=" " ind2=" ">
            <subfield code="a">Procedencia: Almonacid de la Sierra.</subfield>
            <subfield code="b">Ingreso: Junio de 1910.</subfield>
          </datafield>
          <datafield tag="546" ind1=" " ind2=" ">
            <subfield code="a">Aljamía y árabe</subfield>
            <subfield code="b">con escritura magrebí y seudocúfico ornamental, de forma excepcional.</subfield>
          </datafield>
          <datafield tag="563" ind1=" " ind2=" ">
            <subfield code="a">En bigotera, en badana. Cierre de botón y nudo. Tabla compuesta por un cartón muy endurecido.</subfield>
          </datafield>
          <datafield tag="594" ind1=" " ind2="1">
            <subfield code="a">Responsabilidad: Desconocida.</subfield>
          </datafield>
          <datafield tag="595" ind1=" " ind2=" ">
            <subfield code="a">Ana Labarta, Libro de dichos maravillosos. Misceláneo de magia y adivinación, Madrid, CSIC/ICMA, 1993.</subfield>
          </datafield>
          <datafield tag="650" ind1=" " ind2="7">
            <subfield code="a">Manuscritos árabes.</subfield>
            <subfield code="2">CSICAU</subfield>
          </datafield>
          <datafield tag="650" ind1=" " ind2="7">
            <subfield code="a">Manuscritos aljamiados.</subfield>
            <subfield code="2">CSICAU</subfield>
          </datafield>
          <datafield tag="650" ind1=" " ind2="7">
            <subfield code="a">Errores y creencias populares.</subfield>
            <subfield code="2">CSICAU</subfield>
          </datafield>
          <datafield tag="650" ind1=" " ind2="7">
            <subfield code="a">Magia.</subfield>
            <subfield code="2">CSICAU</subfield>
          </datafield>
          <datafield tag="830" ind1=" " ind2="0">
            <subfield code="a">Manuscripta</subfield>
          </datafield>
          <datafield tag="856" ind1="4" ind2="1">
            <subfield code="u">http://aleph.csic.es/imagenes/mad01/0006_PMSC/P_001227532_650939_V00.pdf</subfield>
            <subfield code="z">Descargar Pdf completo (37M)</subfield>
            <subfield code="m">CSIC</subfield>
          </datafield>
          <datafield tag="856" ind1="4" ind2="1">
            <subfield code="u">http://aleph.csic.es/imagenes/mad01/0006_PMSC/html/001227532.html</subfield>
            <subfield code="z">Ver texto completo en Bookreader</subfield>
          </datafield>
          <datafield tag="856" ind1="4" ind2="1">
            <subfield code="u">http://simurg.csic.es/view/273586</subfield>
            <subfield code="z">Acceso a la versión digitalizada en Simurg</subfield>
          </datafield>
          <datafield tag="040" ind1=" " ind2=" ">
            <subfield code="a">ES-MaCSI</subfield>
            <subfield code="b">spa</subfield>
          </datafield>
        </record>
      </metadata>
    </record>