
    <record>
      <header>
        <identifier>oai:alma.34CSIC_INST:990013494790204201</identifier>
        <datestamp>2022-07-01T05:01:55Z</datestamp>
        <setSpec>manuscripta</setSpec>
        <setSpec>csic-bibliografico</setSpec>
      </header>
      <metadata>
        <record xmlns="http://www.loc.gov/MARC21/slim" xmlns:xsi="http://www.w3.org/2001/XMLSchema-instance" xsi:schemaLocation="http://www.loc.gov/MARC21/slim http://www.loc.gov/standards/marcxml/schema/MARC21slim.xsd">
          <leader>08428ntm a2200685 i 4500</leader>
          <controlfield tag="005">20220609123407.0</controlfield>
          <controlfield tag="008">010824n        sp            000 0 ara d</controlfield>
          <controlfield tag="001">990013494790204201</controlfield>
          <datafield tag="035" ind1=" " ind2=" ">
            <subfield code="a">CSIC001349479</subfield>
          </datafield>
          <datafield tag="035" ind1=" " ind2=" ">
            <subfield code="a">(ES-MaCSI)001349479MAD01-Aleph</subfield>
          </datafield>
          <datafield tag="035" ind1=" " ind2=" ">
            <subfield code="a">(OCoLC)1123931201</subfield>
          </datafield>
          <datafield tag="100" ind1="1" ind2=" ">
            <subfield code="a">Ibn al-Fāriḍ, `Umar b. `Alī</subfield>
            <subfield code="d">(1181 ó 2-1235).</subfield>
          </datafield>
          <datafield tag="245" ind1="1" ind2="0">
            <subfield code="a">ديوان عمر ابن فارض‭</subfield>
            <subfield code="h">[‭Manuscrito]</subfield>
          </datafield>
          <datafield tag="260" ind1=" " ind2=" ">
            <subfield code="c">[S. f.].</subfield>
          </datafield>
          <datafield tag="300" ind1=" " ind2=" ">
            <subfield code="a">74 f. (de los cuales dos están sin foliar, uno al principio y otro al final) con guardas al principio y al final ;</subfield>
            <subfield code="c">20 x 11 cm (caja: 14,5 x 6 cm).</subfield>
          </datafield>
          <datafield tag="490" ind1="0" ind2=" ">
            <subfield code="a">Manuscripta</subfield>
          </datafield>
          <datafield tag="546" ind1=" " ind2=" ">
            <subfield code="a">Arabe</subfield>
            <subfield code="b">Escritura nasjí</subfield>
          </datafield>
          <datafield tag="500" ind1=" " ind2=" ">
            <subfield code="a">Título transliterado: Dīwān ʽUmar b. Fāriḍ</subfield>
          </datafield>
          <datafield tag="500" ind1=" " ind2=" ">
            <subfield code="a">Distribución: 1 y 2 col. que se van alternando. La mayor parte del volumen tiene 19 líneas por página. Otras varían desde 16 a 18 líneas.</subfield>
          </datafield>
          <datafield tag="500" ind1=" " ind2=" ">
            <subfield code="a">Material: Papel</subfield>
          </datafield>
          <datafield tag="500" ind1=" " ind2=" ">
            <subfield code="a">Tinta: Negra, roja, azul y dorada</subfield>
          </datafield>
          <datafield tag="500" ind1=" " ind2=" ">
            <subfield code="a">‪Incipit: الحمد لله الذي اختصّ حبيبه الاَسْنى بمقام او ادنى. وقرن اسمَه الشريفَ باعضم آسمأئهِ الحُسْنَى. واشهد ان لآ اله الآ الله وليُّ عبادِهِ وحبيبُ عُبَّادِهِ واشهد انّ محمّداً عبده ورسوله. وحبيبه وضليله. صلى الله عليه وعلى آله الشُرَفا. واصحابه الخلفاء الحُلَفآ. وعلى اخوانه من الانبياء ومن اتّبعه من الاولياء</subfield>
          </datafield>
          <datafield tag="500" ind1=" " ind2=" ">
            <subfield code="a">يا ربّنا ارني انظر إليك بها عند القدوم وَعَامِلْني باكرام Explicit:‪</subfield>
          </datafield>
          <datafield tag="500" ind1=" " ind2=" ">
            <subfield code="a">Lugar de escritura: [El Cairo]</subfield>
          </datafield>
          <datafield tag="500" ind1=" " ind2=" ">
            <subfield code="a">Copista: No consta</subfield>
          </datafield>
          <datafield tag="500" ind1=" " ind2=" ">
            <subfield code="a">‪Colofón: No consta</subfield>
          </datafield>
          <datafield tag="500" ind1=" " ind2=" ">
            <subfield code="a">Características especiales: Texto vocalizado parcialmente</subfield>
          </datafield>
          <datafield tag="500" ind1=" " ind2=" ">
            <subfield code="a">Ilustración: La caja aparece enmarcada con un marco dorado con una fina línea negra por el exterior y otra por el interior. Ilustración del margen superior del Folio 1v. Esta decoración consta de motivos florales en dorado enmarcados en fondo azul y rematado por ramas de prolongación vertical con hojas en azul y tallos en negro</subfield>
          </datafield>
          <datafield tag="500" ind1=" " ind2=" ">
            <subfield code="a">Ilustraciones: Entre oraciones, a modo de signos de puntuación, se utilizan indistintamente en tinta roja; la coma árabe (٬), el punto y seguido, y tres puntos como los de las letras ث o ش. Los epígrafes se marcan con tinta marrón, mientras que, algunas palabras del texto lo hacen en tinta roja.</subfield>
          </datafield>
          <datafield tag="500" ind1=" " ind2=" ">
            <subfield code="a">Entre oraciones, a modo de signos de puntuación, aparece en tinta roja la coma árabe (٬) y en dorado el punto y seguido. Los epígrafes, en un trazo mucho más alargado que el resto, se marcan en su mayoría con tinta roja y en menor medida otros en tinta negra; al igual que algunas palabras del texto.</subfield>
          </datafield>
          <datafield tag="500" ind1=" " ind2=" ">
            <subfield code="a">Tipo de cuaderno: 10 cuad.: 3 bifolios (uno al principio y dos al final del volumen) y 7 quiniones</subfield>
          </datafield>
          <datafield tag="500" ind1=" " ind2=" ">
            <subfield code="a">Deterioros: Muy buen estado del texto y la cubierta; exceptuando algunos folios con galerías, manchas de la tinta y de la humedad, además del enrojecimiento o azulamiento de algunos folios.</subfield>
          </datafield>
          <datafield tag="500" ind1=" " ind2=" ">
            <subfield code="a">H en blanco: H en Blanco: Los dos folios v de la guarda del principio, el 70v, el folio sin numerar que sigue al 70 y los dos folios de la guarda final.</subfield>
          </datafield>
          <datafield tag="500" ind1=" " ind2=" ">
            <subfield code="a">H dañadas, mutiladas, sueltas: H dañadas: 9 folios</subfield>
          </datafield>
          <datafield tag="500" ind1=" " ind2=" ">
            <subfield code="a">H faltan o añadidas: No</subfield>
          </datafield>
          <datafield tag="500" ind1=" " ind2=" ">
            <subfield code="a">Foliación: Sin foliación original. Foliación moderna a lápiz hecha por Concepción Castillo Castillo 1983-4</subfield>
          </datafield>
          <datafield tag="500" ind1=" " ind2=" ">
            <subfield code="a">Reclamos: Reclamos en tinta negra en el margen inferior izquierdo de todos los folios verso, excepto en el 11v</subfield>
          </datafield>
          <datafield tag="500" ind1=" " ind2=" ">
            <subfield code="a">Sign. cuad.: No</subfield>
          </datafield>
          <datafield tag="500" ind1=" " ind2=" ">
            <subfield code="a">Pautado: Línea tirada cuando se trata de texto en prosa y a 2 col. cuando se trata de texto en poesía.</subfield>
          </datafield>
          <datafield tag="500" ind1=" " ind2=" ">
            <subfield code="a">Filigrana: Corona de tres picos sobre una cartela alargada cuyo interior alberga las letras "P" y "T" en mayúsculas. Racimo de uvas</subfield>
          </datafield>
          <datafield tag="541" ind1=" " ind2=" ">
            <subfield code="a">Procedencia: No consta</subfield>
            <subfield code="d">Ingreso: No consta</subfield>
          </datafield>
          <datafield tag="500" ind1=" " ind2=" ">
            <subfield code="a">Signatura antigua: VOL. XIII ; A-5-13;</subfield>
          </datafield>
          <datafield tag="500" ind1=" " ind2=" ">
            <subfield code="a">Anotaciones: Correcciones esporádicas en los márgenes en tinta negra, así como, comentarios sobre el contenido de la obra, del mismo copista. En la guarda de la tapa hay tres rótulos que indican el contenido del volumen: dos en caligrafía árabe en tinta negra del propio copista y el otro en caligrafía latina a lápiz de una mano posterior. Además de las antiguas signaturas (A-5-13 y VOL. XIII) en la esquina superior derecha del verso de la guarda final. En el folio 70v hay dos anotaciones a lápiz en caligrafía latina (una en cada esquina del margen superior).</subfield>
          </datafield>
          <datafield tag="581" ind1=" " ind2=" ">
            <subfield code="a">Descripción: Catálogo de la Exposición celebrada con motivo del cincuentenario: 1932-1982, Granada, 1982, 17; Castillo Castillo, C., Manuscritos arábigos que se conservan en la Escuela de Estudios Árabes de Granada. En: Cuadernos de historia del Islam 11 (1984), 232; Manuscritos árabes y fondo antiguo de la Escuela de Estudios Árabes, Granada, 2007, 104.</subfield>
          </datafield>
          <datafield tag="530" ind1=" " ind2=" ">
            <subfield code="a">Otros soportes: No</subfield>
          </datafield>
          <datafield tag="563" ind1=" " ind2=" ">
            <subfield code="a">Encuadernación: Cartera con solapa de cierre en piel canela sobre cartón. La decoración está construida por un hilo y una ruega de soga dorados bordeando las tapas y la solapa.</subfield>
          </datafield>
          <datafield tag="581" ind1=" " ind2=" ">
            <subfield code="a">Edición: No</subfield>
          </datafield>
          <datafield tag="510" ind1="4" ind2=" ">
            <subfield code="a">Catálogo de la Exposición celebrada con motivo del cincuentenario: 1932-1982, Granada, 1982</subfield>
            <subfield code="c">p. 17</subfield>
          </datafield>
          <datafield tag="510" ind1="4" ind2=" ">
            <subfield code="a">Manuscritos arábigos que se conservan en la Escuela de Estudios Árabes de Granada</subfield>
            <subfield code="c">p. 232</subfield>
          </datafield>
          <datafield tag="510" ind1="4" ind2=" ">
            <subfield code="a">Manuscritos árabes y fondo antiguo de la Escuela de Estudios Árabes</subfield>
            <subfield code="c">p. 104</subfield>
          </datafield>
          <datafield tag="520" ind1="2" ind2=" ">
            <subfield code="a">Contenido: Biografía y Dīwān de ʽUmar b. al-Fāriḍ</subfield>
          </datafield>
          <datafield tag="600" ind1="1" ind2="7">
            <subfield code="a">Ibn al-Fāriḍ, `Umar b. `Alī</subfield>
            <subfield code="d">(1181 ó 2-1235)</subfield>
            <subfield code="v">Biobibliografías</subfield>
            <subfield code="v">Manuscritos.</subfield>
            <subfield code="2">CSICAU</subfield>
          </datafield>
          <datafield tag="650" ind1=" " ind2="7">
            <subfield code="a">Poesía árabe</subfield>
            <subfield code="v">Manuscritos.</subfield>
            <subfield code="2">CSICAU</subfield>
          </datafield>
          <datafield tag="650" ind1=" " ind2="7">
            <subfield code="a">Misticismo</subfield>
            <subfield code="x">Islam</subfield>
            <subfield code="v">Manuscritos.</subfield>
            <subfield code="2">CSICAU</subfield>
          </datafield>
          <datafield tag="740" ind1="0" ind2=" ">
            <subfield code="a">Dīwān ʽUmar b. Fāriḍ</subfield>
          </datafield>
          <datafield tag="830" ind1=" " ind2="0">
            <subfield code="a">Manuscripta</subfield>
          </datafield>
          <datafield tag="856" ind1="4" ind2="1">
            <subfield code="u">http://aleph.csic.es/imagenes/mad01/0006_PMSC/P_001349479_782297_V00.pdf</subfield>
            <subfield code="z">Descargar Pdf completo (26M)</subfield>
            <subfield code="m">CSIC</subfield>
          </datafield>
          <datafield tag="856" ind1="4" ind2="1">
            <subfield code="u">http://aleph.csic.es/imagenes/mad01/0006_PMSC/html/001349479.html</subfield>
            <subfield code="z">Ver texto completo en Bookreader</subfield>
          </datafield>
          <datafield tag="856" ind1="4" ind2="1">
            <subfield code="u">http://simurg.csic.es/view/292469</subfield>
            <subfield code="z">Acceso a la versión digitalizada en Simurg</subfield>
          </datafield>
          <datafield tag="040" ind1=" " ind2=" ">
            <subfield code="a">ES-MaCSI</subfield>
            <subfield code="b">spa</subfield>
          </datafield>
        </record>
      </metadata>
    </record>