
    <record>
      <header>
        <identifier>oai:alma.34CSIC_INST:990012276670204201</identifier>
        <datestamp>2022-07-01T05:01:55Z</datestamp>
        <setSpec>manuscripta</setSpec>
        <setSpec>csic-bibliografico</setSpec>
      </header>
      <metadata>
        <record xmlns="http://www.loc.gov/MARC21/slim" xmlns:xsi="http://www.w3.org/2001/XMLSchema-instance" xsi:schemaLocation="http://www.loc.gov/MARC21/slim http://www.loc.gov/standards/marcxml/schema/MARC21slim.xsd">
          <leader>12841ntm a2200745 i 4500</leader>
          <controlfield tag="005">20220609123409.0</controlfield>
          <controlfield tag="008">100406q1500    sp            000 0 ara d</controlfield>
          <controlfield tag="001">990012276670204201</controlfield>
          <datafield tag="035" ind1=" " ind2=" ">
            <subfield code="a">CSIC001227667</subfield>
          </datafield>
          <datafield tag="035" ind1=" " ind2=" ">
            <subfield code="a">(ES-MaCSI)001227667MAD01-Aleph</subfield>
          </datafield>
          <datafield tag="035" ind1=" " ind2=" ">
            <subfield code="a">(OCoLC)1123821804
</subfield>
          </datafield>
          <datafield tag="080" ind1=" " ind2=" ">
            <subfield code="a">091(=411.21)</subfield>
          </datafield>
          <datafield tag="080" ind1=" " ind2=" ">
            <subfield code="a">28</subfield>
          </datafield>
          <datafield tag="245" ind1="1" ind2="0">
            <subfield code="a">[Legajo de miscelánea]</subfield>
            <subfield code="h">[Manuscrito]</subfield>
          </datafield>
          <datafield tag="260" ind1=" " ind2=" ">
            <subfield code="a">[S.l.] :,</subfield>
            <subfield code="c">[s.a., S. XVI].</subfield>
          </datafield>
          <datafield tag="300" ind1=" " ind2=" ">
            <subfield code="a">ff. ;</subfield>
            <subfield code="c">[13,2 - 15,1 cm].</subfield>
          </datafield>
          <datafield tag="490" ind1="0" ind2=" ">
            <subfield code="a">Manuscripta</subfield>
          </datafield>
          <datafield tag="500" ind1=" " ind2=" ">
            <subfield code="a">Fragmentos de libros de oraciones</subfield>
          </datafield>
          <datafield tag="500" ind1=" " ind2=" ">
            <subfield code="a">Signatura antigua: Junta 42</subfield>
          </datafield>
          <datafield tag="501" ind1=" " ind2=" ">
            <subfield code="a">[Fragmento A]:</subfield>
          </datafield>
          <datafield tag="501" ind1=" " ind2=" ">
            <subfield code="a">Azoras coránicas / [sin aut.]. -- [S.l.], [s.a., S. XVI]. -- 28 ff. (Una col., 7 líneas por pág.) : Papel, 13,2 x 9,4 cms (caja: 9,1 x 6 cm).</subfield>
          </datafield>
          <datafield tag="501" ind1=" " ind2=" ">
            <subfield code="a">[cont. Fragmento A]:</subfield>
          </datafield>
          <datafield tag="501" ind1=" " ind2=" ">
            <subfield code="a">Incipit: لِمَنْ شَاءَ مِنْكُمْ أَنْ يَسْتَقِيمَ وَمَا تَشَاءُونَ إِلاَّ أَنْ يَشَاءَ اللَّهُ رَبُّ الْعَالَمِينَ.</subfield>
          </datafield>
          <datafield tag="501" ind1=" " ind2=" ">
            <subfield code="a">Explicit: عَيْناً يَشْرَبُ بِهَا الْمُقَرَّبُونَ إِنَّ الَّذِينَ أَجْرَمُوا كَانُوا مِنْ الَّذِينَ آمَنُوا يَضْحَكُونَ وَإِذَا مَرُّوا بِهِمْ.</subfield>
          </datafield>
          <datafield tag="501" ind1=" " ind2=" ">
            <subfield code="a">[cont. Fragmento A]:</subfield>
          </datafield>
          <datafield tag="501" ind1=" " ind2=" ">
            <subfield code="a">Tinta negra para el ductus, roja para la vocalización y azafrán para los títulos de las azoras. -- Copista: Desconocido. -- Colofón: No. -- Características especiales: No. -- Ilustración: Decoración de títulos de azoras con rayas oblicuas rojas en grupos de tres rodeando las letras. -- Ilustraciones: Tres puntos en forma de triángulo. -- Tipo de cuaderno: Bifolios sueltos, binión, ternión y sexterno. -- Deterioros: Esquina inferior interna desparecida por la humedad. Manchas de humedad en el resto del papel. -- H. en blanco, dañadas, mutiladas, sueltas: No. -- H. faltan o añadidas: Acéfalo y ápodo. -- Foliación: Inexistente. Tan solo a tinta, modena, “27” en margen superior externo del verso del último folio. -- Reclamos: No se aprecian. -- Sign. cuad.: No. -- Pautado: No se aprecia, pero impaginación muy regular, tanto horizontal como vertical. -- Filigrana: Tan solo se conserva la mitad inferior de la filigrana: parte inferior de una mano con manga.</subfield>
          </datafield>
          <datafield tag="501" ind1=" " ind2=" ">
            <subfield code="a">[Fragmento B]:</subfield>
          </datafield>
          <datafield tag="501" ind1=" " ind2=" ">
            <subfield code="a">Azoras coránicas / [sin aut.]. -- [S.l.], [s.a., S. XVI]. -- 96 ff. (Una col., 7 líneas por pág.) : Papel, 14,5 x 9,6 cms (caja: 9 x 6,8 cm).</subfield>
          </datafield>
          <datafield tag="501" ind1=" " ind2=" ">
            <subfield code="a">[cont. Fragmento B]:</subfield>
          </datafield>
          <datafield tag="501" ind1=" " ind2=" ">
            <subfield code="a">Incipit: يُنفِقُونَ وَالَّذِينَ يُؤْمِنُونَ بِمَا أُنْزِلَ إِلَيْكَ وَمَا أُنْزِلَ مِنْ قَبْلِكَ وَبِالآخرَةِ هُمْ يُوقِنُونَ</subfield>
          </datafield>
          <datafield tag="501" ind1=" " ind2=" ">
            <subfield code="a">Explicit: اِلْمُنَفِقِينَ فِي اِلنَّار. قُوَنْدُ اَكَبَرَش دِرَشْ اَلْحَمْدُ للهِ رَب اِلْعَالَمِينَ. اَشْهَدُ اَنْ لاله.</subfield>
          </datafield>
          <datafield tag="501" ind1=" " ind2=" ">
            <subfield code="a">[cont. Fragmento B]:</subfield>
          </datafield>
          <datafield tag="501" ind1=" " ind2=" ">
            <subfield code="a">Tinta negra para ductus y roja para vocalización. En algunos casos, azafrán, verde o rojo para rellenar letras de títulos de azoras, incluso empleando dos colores a la vez. En la parte final del códice, las letras semicúficas huecas de los títulos de azoras quedan sin rellenar. -- Copista: Desconocido. Cuatro manos. -- Colofón: No. -- Características especiales: En ocasiones, se realiza motivo vegetal a partir de un tašdīd, siempre y cuando se pueda aprovechar el margen superior de la hoja. -- Ilustración: Variaciones en las letras semicúficas de los títulos de azoras. -- Ilustraciones: Motivo floral trilobulado para completar línea. Relación de tres puntos en forma de triángulo. -- Tipo de cuaderno: Cuaterniones y octonión. Dos bifolios iniciales. -- Deterioros: Grandes manchas de humedad y suciedad. -- H. en blanco: No. -- H. dañadas, mutiladas, sueltas: Ff. 1-2 prácticamente sueltos. -- H. faltan o añadidas: Es acéfalo y ápodo. Faltan muchos materiales. -- Foliación: Inexistente. En vuelto de último folio, a lápiz, por Ribera o Asín, “128”. -- Reclamos: En horizontal, en el margen inferior externo del vuelto del último folio de cada cuaderno. -- Sign. de cuaderno: No. -- Pautado: Se aprecia vagamente punta seca en líneas de justificación.</subfield>
          </datafield>
          <datafield tag="501" ind1=" " ind2=" ">
            <subfield code="a">[cont. Fragmento B]:</subfield>
          </datafield>
          <datafield tag="501" ind1=" " ind2=" ">
            <subfield code="a">Filigrana: Papeles verjurados sin filigrana aparente. El último papel es oriental. -- Anotaciones: Hay pruebas de pluma de diferentes manos en negro, marrón oscuro y rojo. Algunas anotaciones incomprensibles en caracteres latinos.</subfield>
          </datafield>
          <datafield tag="501" ind1=" " ind2=" ">
            <subfield code="a">[Fragmento C]:</subfield>
          </datafield>
          <datafield tag="501" ind1=" " ind2=" ">
            <subfield code="a">Azoras coránicas y oraciones / [sin aut.]. -- [S.l.], [s.a., S. XVI]. -- 77 ff. (Una col., 10 u 11 líneas por pág.) : Papel , 15,1 x 10,6 cms (caja: 9,6 x 7,2 cm).</subfield>
          </datafield>
          <datafield tag="501" ind1=" " ind2=" ">
            <subfield code="a">[cont. Fragmento C]:</subfield>
          </datafield>
          <datafield tag="501" ind1=" " ind2=" ">
            <subfield code="a">Incipit: الْمَبْثُوثِ وَتَكُونُ الْجِبَالُ كَالْعِهْنِ الْمَنفُوشِ فَأَمَّا مَنْ ثَقُلَتْ مَوَازِينُهُ.</subfield>
          </datafield>
          <datafield tag="501" ind1=" " ind2=" ">
            <subfield code="a">Explicit: بَّرَ كُوَنْدُ اَرَّكَعَنْ سُبُّوح قُدُّوسٌ رَّبُّ اَلْمَلَئكَهِ وَاَلرُّوحِ</subfield>
          </datafield>
          <datafield tag="501" ind1=" " ind2=" ">
            <subfield code="a">[cont. Fragmento C]:</subfield>
          </datafield>
          <datafield tag="501" ind1=" " ind2=" ">
            <subfield code="a">Tinta negra y roja, ambas para ductus y vocalización, dependiendo de los casos. -- Copista: Desconocido. Varias manos. -- Colofón: No. -- Características especiales: Los primeros 5 folios cosidos modernamente por el lateral con hilo negro en distintos sentidos de lectura. -- Ilustración: No. -- Ilustraciones: Tres puntos en forma de triángulo. Cenefa rectangular con motivos geométricos. -- Tipo de cuaderno: De los cuadernos que parecen completos: cuatro sexternos y un septerno. -- Deterioros: Manchas y roturas por humedad y fuego en márgenes y cortes. -- H. en blanco: 56r. -- H. dañadas mutiladas y sueltas: F. 6, roto el tercio superior, pero conservado. F. 7, le falta el margen superior, lo que impide la buena lectura de la primera línea. F. 8, agujero en el centro del papel, lo que afecta a algunas letras. Siete primeros folios sueltos, aunque los cinco primeros estén cosidos de forma desordenada en época moderna. F. 14 también suelto. F. 52, corte vertical en parte superior interna del folio. -- H. faltan o añadidas: Entre ff. 48 y 49, falta folio; queda testigo. Entre ff. 60 y 61, falta folio; queda testigo. Faltan muchas hojas, especialmente en la primera parte del códice, acéfalo. -- Foliación: Tan solo en algunos folios. Moderna, a lápiz, en el margen superior derecho del vuelto. -- Reclamos: No se aprecian. -- Sign. de cuadeno: No.</subfield>
          </datafield>
          <datafield tag="501" ind1=" " ind2=" ">
            <subfield code="a">[cont. Fragmento C]:</subfield>
          </datafield>
          <datafield tag="501" ind1=" " ind2=" ">
            <subfield code="a">Pautado: No se aprecia. En algunos folios, regularidad de impaginación, pero en la mayoría no. -- Filigrana: Mano con estrella (dos variantes). -- Anotaciones: Pocas, al margen, para corregir texto o pruebas caligráficas. F. 75v se completa con pruebas caligráficas y de pluma.</subfield>
          </datafield>
          <datafield tag="510" ind1="3" ind2=" ">
            <subfield code="a">Descripción: Julián Ribera y Miguel Asín, Manuscritos árabes y aljamiados de la Biblioteca de la Junta, Madrid, Junta para Ampliación de Estudios e Investigaciones Científicas, 1912, p. 153.</subfield>
          </datafield>
          <datafield tag="520" ind1="2" ind2=" ">
            <subfield code="a">[Fragmento A]: Azoras coránicas.</subfield>
          </datafield>
          <datafield tag="520" ind1="2" ind2=" ">
            <subfield code="a">[Fragmento B]: Azoras del Corán. [Ataḥiātu y allahumma]</subfield>
          </datafield>
          <datafield tag="520" ind1="2" ind2=" ">
            <subfield code="a">[Fragmento C]: 1r-28v. Azoras coránicas en árabe. 28v-29r. Oración para dormir. [Árabe con introducción en aljamiado.] 29v-30v. “Lo que decía el annabí para su bañar”. [Árabe.] 31r-34v. “Esta es la declaración de lo que [s]e dize{n} sobre la fuesa”. [Aljamiado.] 35r-42r. Oraciones. [Árabe.] 42v. “Esta es la declaración de lo que [s]e dize{n} sobre la fuesa”. [Árabe.] 43r-55v. “Lo que se dize cuando a{l}prende[s] el alwadú”. [Bilingüe interlineado.] 56v-75v. Oraciones en árabe. 76r. Oración en aljamiado. 76v-77v. Oraciones en árabe.</subfield>
          </datafield>
          <datafield tag="530" ind1=" " ind2=" ">
            <subfield code="a">María Pilar Martínez Olmo, Colección de manuscritos árabes y aljamiados de la Biblioteca del Instituto de Filología del CSIC [recurso electrónico]: los manuscritos de la Junta, Madrid, CSIC, 1998, 4 Cd-Rom.</subfield>
          </datafield>
          <datafield tag="541" ind1=" " ind2=" ">
            <subfield code="a">Procedencia: Almonacid de la Sierra.</subfield>
            <subfield code="d">Ingreso: Junio de 1910.</subfield>
          </datafield>
          <datafield tag="546" ind1=" " ind2=" ">
            <subfield code="a">Árabe</subfield>
            <subfield code="b">con escritura magrebí y seudocúfica esquemática (Fragmento A)</subfield>
          </datafield>
          <datafield tag="546" ind1=" " ind2=" ">
            <subfield code="a">Árabe</subfield>
            <subfield code="b">con escritura magrebí (Fragmento B)</subfield>
          </datafield>
          <datafield tag="546" ind1=" " ind2=" ">
            <subfield code="a">Aljamía y árabe</subfield>
            <subfield code="b">con escritura magrebí y seudocúfica esquemática para algunos títulos de azoras (Fragmento C)</subfield>
          </datafield>
          <datafield tag="563" ind1=" " ind2=" ">
            <subfield code="a">De época. En cuero marrón sobre cartón endurecido. Contracubiertas de arpillera. Primera tapa muy deteriorada por la humedad. [Fragmento A]</subfield>
          </datafield>
          <datafield tag="563" ind1=" " ind2=" ">
            <subfield code="a">Inexistente. [Fragmento B, C]</subfield>
          </datafield>
          <datafield tag="630" ind1="0" ind2="7">
            <subfield code="a">Corán.</subfield>
            <subfield code="2">CSICAU</subfield>
          </datafield>
          <datafield tag="650" ind1=" " ind2="7">
            <subfield code="a">Manuscritos árabes.</subfield>
            <subfield code="2">CSICAU</subfield>
          </datafield>
          <datafield tag="650" ind1=" " ind2="7">
            <subfield code="a">Manuscritos aljamiados.</subfield>
            <subfield code="2">CSICAU</subfield>
          </datafield>
          <datafield tag="740" ind1="0" ind2=" ">
            <subfield code="a">Azoras coránicas</subfield>
          </datafield>
          <datafield tag="740" ind1="0" ind2=" ">
            <subfield code="a">Azoras coránicas y oraciones</subfield>
          </datafield>
          <datafield tag="830" ind1=" " ind2="0">
            <subfield code="a">Manuscripta</subfield>
          </datafield>
          <datafield tag="856" ind1="4" ind2="1">
            <subfield code="u">http://aleph.csic.es/imagenes/mad01/0006_PMSC/P_001227667_651215_V00.pdf</subfield>
            <subfield code="z">Descargar Pdf completo (28M)</subfield>
            <subfield code="m">CSIC</subfield>
          </datafield>
          <datafield tag="856" ind1="4" ind2="1">
            <subfield code="u">http://aleph.csic.es/imagenes/mad01/0006_PMSC/html/001227667.html</subfield>
            <subfield code="z">Ver texto completo en Bookreader</subfield>
          </datafield>
          <datafield tag="856" ind1="4" ind2="1">
            <subfield code="u">http://simurg.csic.es/view/280053</subfield>
            <subfield code="z">Acceso a la versión digitalizada en Simurg</subfield>
          </datafield>
          <datafield tag="040" ind1=" " ind2=" ">
            <subfield code="a">ES-MaCSI</subfield>
            <subfield code="b">spa</subfield>
          </datafield>
        </record>
      </metadata>
    </record>