
    <record>
      <header>
        <identifier>oai:alma.34CSIC_INST:990012277710204201</identifier>
        <datestamp>2022-07-01T05:01:55Z</datestamp>
        <setSpec>manuscripta</setSpec>
        <setSpec>csic-bibliografico</setSpec>
      </header>
      <metadata>
        <record xmlns="http://www.loc.gov/MARC21/slim" xmlns:xsi="http://www.w3.org/2001/XMLSchema-instance" xsi:schemaLocation="http://www.loc.gov/MARC21/slim http://www.loc.gov/standards/marcxml/schema/MARC21slim.xsd">
          <leader>11987ntm a2200733 i 4500</leader>
          <controlfield tag="005">20220609123410.0</controlfield>
          <controlfield tag="008">100406q14011401sp            000 0 ara d</controlfield>
          <controlfield tag="001">990012277710204201</controlfield>
          <datafield tag="035" ind1=" " ind2=" ">
            <subfield code="a">CSIC001227771</subfield>
          </datafield>
          <datafield tag="035" ind1=" " ind2=" ">
            <subfield code="a">(ES-MaCSI)001227771MAD01-Aleph</subfield>
          </datafield>
          <datafield tag="035" ind1=" " ind2=" ">
            <subfield code="a">(OCoLC)1123893501
</subfield>
          </datafield>
          <datafield tag="080" ind1=" " ind2=" ">
            <subfield code="a">091(=411.21)</subfield>
          </datafield>
          <datafield tag="080" ind1=" " ind2=" ">
            <subfield code="a">28</subfield>
          </datafield>
          <datafield tag="080" ind1=" " ind2=" ">
            <subfield code="a">27-31</subfield>
          </datafield>
          <datafield tag="080" ind1=" " ind2=" ">
            <subfield code="a">821.411.21</subfield>
          </datafield>
          <datafield tag="100" ind1="1" ind2=" ">
            <subfield code="a">الامام الاستاذ ابو القاسِمْ</subfield>
          </datafield>
          <datafield tag="245" ind1="1" ind2="0">
            <subfield code="a">كِتابُ لَطَائِفِ الاَنْبِيَاءِ عليْهم السَّلام وفيه كتاب قصَصُ الانبيَاء</subfield>
            <subfield code="h">[Manuscrito]</subfield>
          </datafield>
          <datafield tag="260" ind1=" " ind2=" ">
            <subfield code="a">[S.l.],</subfield>
            <subfield code="c">1401 [19 dū-l-qaʼda 803/1 julio 1401].</subfield>
          </datafield>
          <datafield tag="300" ind1=" " ind2=" ">
            <subfield code="a">125 ff. (1 col., 25 líneas por pág.) :</subfield>
            <subfield code="b">Papel tratado grueso ;</subfield>
            <subfield code="c">30x22 cm. (caja: 21,5x15 cm.).</subfield>
          </datafield>
          <datafield tag="490" ind1="0" ind2=" ">
            <subfield code="a">Manuscripta</subfield>
          </datafield>
          <datafield tag="500" ind1=" " ind2=" ">
            <subfield code="a">Incipit: [بسملة وتصلية] قال الامام الاستاذ ابو القاسِمْ رضي الله عنْهُ. الحمد لله الاوّل فلا شيء قبله والاخر فلا شيئ بعده مبتدع كل شيء ومبتَدِيه</subfield>
          </datafield>
          <datafield tag="500" ind1=" " ind2=" ">
            <subfield code="a">Explicit:ستة ماْية سنة وكذلك قال ادريس عن وهب بن منبه قال جوبير عن الضحاك عن ابن عبّاس خمس ماْية سنَةٍ والله جلَّ وعز أعلم.</subfield>
          </datafield>
          <datafield tag="500" ind1=" " ind2=" ">
            <subfield code="a">Tinta: Tinta negra y roja.</subfield>
          </datafield>
          <datafield tag="500" ind1=" " ind2=" ">
            <subfield code="a">Copista: Abū al-Naṣr Lubb Ibn Abū [Arbāḥ] Faraŷ al-Ŷamà. ابو النَّصر لب ابن ابو [ارباح] فرج الجمى</subfield>
          </datafield>
          <datafield tag="500" ind1=" " ind2=" ">
            <subfield code="a">Colofón: تم كتاب القصص مع كمال الديوان بحمد الله وعونه وتايده ونصره وصلى الله على محمد واله. في العشر الاخر من ذي القعدة موافق اول يوم من شهر جوليه سنة ثلاث وثمان ماية على يدي كاتبه وكاسبه العبد الفقير الى رحمة مولاه ابو النَّصر لب ابن ابو [ارباح] فرج الجمى كتبه لنفسه ثم لمن شاء من بعده وهو يدعوا الى الله سبحنه ان ينفعه به ولوالديه و[...] فيه والداعي لهم بالرحمة والمغفرة ولجميع المسْلمين امين امين يا رب العلمين. الخط يبْقا زمانًا بعد كاتبه وكاتب الخط تحت الرَّمس مدفون وما من كَاتبٍ الاستبقى كتابته وان بليت يداه فلا تكتب بكفه غير شيْءٍ يسرك في القيامة أخي أن [...].</subfield>
          </datafield>
          <datafield tag="500" ind1=" " ind2=" ">
            <subfield code="a">Características especiales: No.</subfield>
          </datafield>
          <datafield tag="500" ind1=" " ind2=" ">
            <subfield code="a">Ilustración: No.</subfield>
          </datafield>
          <datafield tag="500" ind1=" " ind2=" ">
            <subfield code="a">Ilustraciones: No.</subfield>
          </datafield>
          <datafield tag="500" ind1=" " ind2=" ">
            <subfield code="a">Tipo de cuaderno: 8 de 6 bifolios y 3 de 5.</subfield>
          </datafield>
          <datafield tag="500" ind1=" " ind2=" ">
            <subfield code="a">Deterioros generales: Tapa trasera de la encuadernación dañada por fuego. Mancha de fuego del folio 97 en adelante.</subfield>
          </datafield>
          <datafield tag="500" ind1=" " ind2=" ">
            <subfield code="a">H. en blanco: 27v.</subfield>
          </datafield>
          <datafield tag="500" ind1=" " ind2=" ">
            <subfield code="a">H. dañadas, mutiladas, sueltas: Sueltas: 11, 68, 81, 82, 85, 88, 108, 117, 122. Dañadas: 123. Mutiladas: 124.</subfield>
          </datafield>
          <datafield tag="500" ind1=" " ind2=" ">
            <subfield code="a">H. faltan o añadidas: No.</subfield>
          </datafield>
          <datafield tag="500" ind1=" " ind2=" ">
            <subfield code="a">Foliación: 1-124. A lápiz en el margen superior derecho del verso y paginado en el margen superior izquierdo (ff.1-4 en el inferior) del recto por distinta mano.</subfield>
          </datafield>
          <datafield tag="500" ind1=" " ind2=" ">
            <subfield code="a">Reclamos: No.</subfield>
          </datafield>
          <datafield tag="500" ind1=" " ind2=" ">
            <subfield code="a">Signatura de cuaderno. No.</subfield>
          </datafield>
          <datafield tag="500" ind1=" " ind2=" ">
            <subfield code="a">Pautado: No se aprecia. Distancia interlineal: 0,8-0,9 cm.</subfield>
          </datafield>
          <datafield tag="500" ind1=" " ind2=" ">
            <subfield code="a">Filigrana: ff. 1, 3-5, 9, 12, 18-24, 26, 27, 29, 32: arco similar a nº 796 de Briquet. -ff. 35-37, 40, 41, 46, 48, 49, 51, 53, 56, 63, 65, 66, 68: cuerno de caza similar a nº 7669 de Briquet. -ff. 94, 95, 100, 102, 104, 108, 114, 115: compás, similar a nº 4461 de Briquet. -ff. 70, 72-75, 83, 84: campana similar a nº4031 de Briquet.</subfield>
          </datafield>
          <datafield tag="500" ind1=" " ind2=" ">
            <subfield code="a">Signatura antigua: Sello blanco pegado en el canto con el nº63. 1r: a lápiz “nº63”. Junta 63</subfield>
          </datafield>
          <datafield tag="500" ind1=" " ind2=" ">
            <subfield code="a">Anotaciones: Muchas notas marginales contemporáneas a la copia. 1r: en página del título: cuentas, notas. Anotaciones en árabe, aljamiado y hebreo aljamiado en las hojas de guarda de pergamino y en las de papel de las tapas de la encuadernación. f.94: nota a lápiz. f.124v: Carta en prosa rimada de Salām, habitante del arrabal de Cineja, Zaragoza, fechada en 821, dirigida a la aljama morisca de Borja.</subfield>
          </datafield>
          <datafield tag="510" ind1="3" ind2=" ">
            <subfield code="a">Descripción: J. Ribera y M. Asín (dirs.), Manuscritos árabes y aljamiados de la biblioteca de la Junta: noticia y extractos, Madrid: Junta para la ampliación de Estudios e Investigaciones Científicas, 1912, 229-232.</subfield>
          </datafield>
          <datafield tag="510" ind1="4" ind2=" ">
            <subfield code="a">Bibliografía: J. Ribera y M. Asín (dirs.), Manuscritos árabes y aljamiados de la biblioteca de la Junta: noticia y extractos, Madrid: Junta para la ampliación de Estudios e Investigaciones Científicas, 1912, 229-232. -Hermosilla, M.J., “Una versión inédita del Kitāb badʼ al-jalq wa-Qisas al-Anbiyaʼ en el ms. LXIII de la Junta”, Al-Qantara, 6 (1985), 43-78. -Ben-Ari, Shosh, “Laṭāʼif Paraenetica and Prophets: restudying Junta Manuscript Kitāb Laṭāʼif al-Anbiyāʼ wa-fīhi Qiṣaṣ al-Anbiyāʼ”, Al-Qantara, XXIX, 1 (2008), 165-195.</subfield>
          </datafield>
          <datafield tag="520" ind1="2" ind2=" ">
            <subfield code="a">Obra de adab, escrita o copiada por al-Imām al-Ustāḍ Abū al-Qāsim, que contiene: -Kitāb laṭā̓̓ if al-anbiya̓. -Kitāb qiṣaṣ al-anbiyā̓.</subfield>
          </datafield>
          <datafield tag="530" ind1=" " ind2=" ">
            <subfield code="a">Mª del P. Martínez Olmo, Colección de manuscritos árabes y aljamiados de la Biblioteca del Instituto de Filología del CSIC, Instituto de Filología CSIC, Madrid, 1998 (4 Cd-Rom), CD 4. -Instituto Miguel Asín de Estudios Arabes, Colección de manuscritos árabes y aljamiados, Microforma, Madrid: 1983-84, 25 rollos, Ms. 63-77.</subfield>
          </datafield>
          <datafield tag="541" ind1=" " ind2=" ">
            <subfield code="a">Procedencia: Desconocida</subfield>
            <subfield code="d">Ingreso: Junio de 1910.</subfield>
          </datafield>
          <datafield tag="546" ind1=" " ind2=" ">
            <subfield code="a">Árabe</subfield>
            <subfield code="b">con escritura magrebí</subfield>
          </datafield>
          <datafield tag="563" ind1=" " ind2=" ">
            <subfield code="a">Encuadernado en piel marrón decorada con relieves geométricos y vegetales. Forrado por dentro con papel. Dos hojas de guarda de pergamino.</subfield>
          </datafield>
          <datafield tag="595" ind1=" " ind2=" ">
            <subfield code="a">No.</subfield>
          </datafield>
          <datafield tag="600" ind1="0" ind2="7">
            <subfield code="a">Mahoma</subfield>
            <subfield code="d">(m. 632).</subfield>
            <subfield code="2">CSICAU</subfield>
          </datafield>
          <datafield tag="600" ind1="0" ind2="7">
            <subfield code="a">Jesucristo.</subfield>
            <subfield code="2">CSICAU</subfield>
          </datafield>
          <datafield tag="650" ind1=" " ind2="7">
            <subfield code="a">Manuscritos árabes.</subfield>
            <subfield code="2">CSICAU</subfield>
          </datafield>
          <datafield tag="650" ind1=" " ind2="7">
            <subfield code="a">Manuscritos aljamiados.</subfield>
            <subfield code="2">CSICAU</subfield>
          </datafield>
          <datafield tag="650" ind1=" " ind2="7">
            <subfield code="a">Islam.</subfield>
            <subfield code="2">CSICAU</subfield>
          </datafield>
          <datafield tag="650" ind1=" " ind2="7">
            <subfield code="a">Profetas.</subfield>
            <subfield code="2">CSICAU</subfield>
          </datafield>
          <datafield tag="650" ind1=" " ind2="7">
            <subfield code="a">Adab.</subfield>
            <subfield code="2">CSICAU</subfield>
          </datafield>
          <datafield tag="700" ind1="1" ind2=" ">
            <subfield code="a">Al-Imām al-Ustāḍ Abū al-Qāsim</subfield>
          </datafield>
          <datafield tag="700" ind1="1" ind2=" ">
            <subfield code="a">ابو النَّصر لب ابن ابو [ارباح] فرج الجمى</subfield>
          </datafield>
          <datafield tag="700" ind1="1" ind2=" ">
            <subfield code="a">Abū al-Naṣr Lubb Ibn Abū [Arbāḥ] Faraŷ al-Ŷamà</subfield>
            <subfield code="e">copista</subfield>
          </datafield>
          <datafield tag="740" ind1="0" ind2=" ">
            <subfield code="a">Kitāb laṭā̓̓ if al-anbiya̓ ʽalay-him al-salām wa fī-hi kitāb qiṣaṣ al- anbiyā̓</subfield>
          </datafield>
          <datafield tag="830" ind1=" " ind2="0">
            <subfield code="a">Manuscripta</subfield>
          </datafield>
          <datafield tag="856" ind1="4" ind2="1">
            <subfield code="u">http://aleph.csic.es/imagenes/mad01/0006_PMSC/P_001227771_651419_V00.pdf</subfield>
            <subfield code="z">Descargar Pdf completo (44M)</subfield>
            <subfield code="m">CSIC</subfield>
          </datafield>
          <datafield tag="856" ind1="4" ind2="1">
            <subfield code="u">http://aleph.csic.es/imagenes/mad01/0006_PMSC/html/001227771.html</subfield>
            <subfield code="z">Ver texto completo en Bookreader</subfield>
          </datafield>
          <datafield tag="856" ind1="4" ind2="1">
            <subfield code="u">http://simurg.csic.es/view/287118</subfield>
            <subfield code="z">Acceso a la versión digitalizada en Simurg</subfield>
          </datafield>
          <datafield tag="040" ind1=" " ind2=" ">
            <subfield code="a">ES-MaCSI</subfield>
            <subfield code="b">spa</subfield>
          </datafield>
        </record>
      </metadata>
    </record>