
    <record>
      <header>
        <identifier>oai:alma.34CSIC_INST:990012276660204201</identifier>
        <datestamp>2022-07-01T05:01:55Z</datestamp>
        <setSpec>manuscripta</setSpec>
        <setSpec>csic-bibliografico</setSpec>
      </header>
      <metadata>
        <record xmlns="http://www.loc.gov/MARC21/slim" xmlns:xsi="http://www.w3.org/2001/XMLSchema-instance" xsi:schemaLocation="http://www.loc.gov/MARC21/slim http://www.loc.gov/standards/marcxml/schema/MARC21slim.xsd">
          <leader>11200ntm a2200769 i 4500</leader>
          <controlfield tag="005">20220609123411.0</controlfield>
          <controlfield tag="008">100406q1500    sp            000 0 ara d</controlfield>
          <controlfield tag="001">990012276660204201</controlfield>
          <datafield tag="035" ind1=" " ind2=" ">
            <subfield code="a">CSIC001227666</subfield>
          </datafield>
          <datafield tag="035" ind1=" " ind2=" ">
            <subfield code="a">(ES-MaCSI)001227666MAD01-Aleph</subfield>
          </datafield>
          <datafield tag="035" ind1=" " ind2=" ">
            <subfield code="a">(OCoLC)1123797774
</subfield>
          </datafield>
          <datafield tag="080" ind1=" " ind2=" ">
            <subfield code="a">091(=411.21)</subfield>
          </datafield>
          <datafield tag="080" ind1=" " ind2=" ">
            <subfield code="a">28-23</subfield>
          </datafield>
          <datafield tag="245" ind1="1" ind2="0">
            <subfield code="a">[Legajo de miscelánea]</subfield>
            <subfield code="h">[Manuscrito]</subfield>
          </datafield>
          <datafield tag="260" ind1=" " ind2=" ">
            <subfield code="a">[S.l.],</subfield>
            <subfield code="c">[s.a., Siglo XVI].</subfield>
          </datafield>
          <datafield tag="300" ind1=" " ind2=" ">
            <subfield code="a">ff. :</subfield>
            <subfield code="b">papel ;</subfield>
            <subfield code="c">[13-17 cm. aprox.].</subfield>
          </datafield>
          <datafield tag="490" ind1="0" ind2=" ">
            <subfield code="a">Manuscripta</subfield>
          </datafield>
          <datafield tag="500" ind1=" " ind2=" ">
            <subfield code="a">Fragmentos de devocionario</subfield>
          </datafield>
          <datafield tag="500" ind1=" " ind2=" ">
            <subfield code="a">Signatura antigua: Junta 41</subfield>
          </datafield>
          <datafield tag="501" ind1=" " ind2=" ">
            <subfield code="a">[1º Fragmento]:</subfield>
          </datafield>
          <datafield tag="501" ind1=" " ind2=" ">
            <subfield code="a">[Rogaria para pedir agua]. -- Esta es rogaria đe agua para cuando abrá necesidad / [sin aut.]. -- 12 ff. (Una col., entre 15 y 16 líneas por pág.) : Papel, bien conservado , 13,5x10 cm (caja: 9,2x7 cm).</subfield>
          </datafield>
          <datafield tag="501" ind1=" " ind2=" ">
            <subfield code="a">[cont. 1º Fragmento]:</subfield>
          </datafield>
          <datafield tag="501" ind1=" " ind2=" ">
            <subfield code="a">Incipit:( بعد البسملة) َاشْتَ َاشْرُغَرِيَذَا اَغًوَ بَّرَكُوَنْدُ اَبْرَنَاسَاشِدَذْ دَا رُّغَ / رْ بُّر اَغُوَ.</subfield>
          </datafield>
          <datafield tag="501" ind1=" " ind2=" ">
            <subfield code="a">Explicit: اَيَا / نُوَاشْتَرَ رُغَرِيَ{يا} [...] اِذَن[ش] اَغُوَ يَاالله. / شَانُّرْ بُّرْ لَلْبَرَكَكَا بُّشِشْتَا.</subfield>
          </datafield>
          <datafield tag="501" ind1=" " ind2=" ">
            <subfield code="a">[cont. 1º Fragmento]:</subfield>
          </datafield>
          <datafield tag="501" ind1=" " ind2=" ">
            <subfield code="a">Tinta marrón oscuro. -- Copista: Desconocido. -- Colofón. No. -- Características especiales: Líneas en blanco para marcar unidades textuales diferentes. -- Il.: No. -- Ilustraciones: Cenefa geométrica simple que ocupa todo el ancho de caja al principio del texto. Tres puntos. -- Tipo de cuaderno: 1 sexterno. -- Deterioros: Ninguno. -- H. en blanco: 9r-10v, 11r, 15v, 16r-20v. -- H. dañadas, mutiladas, sueltas, faltan o añadidas: ninguna. -- Foliación: Ff. 9-20. Moderna, a lápiz, en el margen superior izquierdo. -- Reclamos, sig. cuaderno, pautado: No. -- Filigrana: Mano con ¿flor?, y en la base, las letras “V B” al revés. -- Anotaciones: No.</subfield>
          </datafield>
          <datafield tag="501" ind1=" " ind2=" ">
            <subfield code="a">[2º Fragmento]:</subfield>
          </datafield>
          <datafield tag="501" ind1=" " ind2=" ">
            <subfield code="a">Misceláneo religioso. -- [ms. carece de tít.] / [sin aut.]. -- 106 ff. (Una col., 11 líneas por pág.) : papel , 14,5x10,8 cm (caja: 10,8x8,2 cm).</subfield>
          </datafield>
          <datafield tag="501" ind1=" " ind2=" ">
            <subfield code="a">[cont. 2º Fragmento]:</subfield>
          </datafield>
          <datafield tag="501" ind1=" " ind2=" ">
            <subfield code="a">Incipit: عَلِيمٌ وَ َاعْتَصَمْتُ بَجَبَلِ اللهِ الْمَتِينِ / وَبِكَلِمَاتِهِ.</subfield>
          </datafield>
          <datafield tag="501" ind1=" " ind2=" ">
            <subfield code="a">Explicit: وَصَلَّى اللهُ عَلَى سَيِّدِنَا // مُحَمَّد خَاتِمِ َالنَّبِيِنَ / وَعَلَى َالِهِ َالطَّيِّبِينَ</subfield>
          </datafield>
          <datafield tag="501" ind1=" " ind2=" ">
            <subfield code="a">[cont. 2º Fragmento]:</subfield>
          </datafield>
          <datafield tag="501" ind1=" " ind2=" ">
            <subfield code="a">Tinta negra y roja. -- Copista: Desconocido. Tres manos. -- Colofón: No. -- Características especiales: En el último capítulo, la traducción se presenta palabra por palabra; el texto aljamiado en rojo del f. 115 al final. -- Ilustración: Ninguna. -- Ilustraciones: Tres puntos; calderones. -- Tipo de cuaderno: 2 sexternos, 2 septernos y 3 octoniones. -- Deterioros: Los márgenes y las esquinas exteriores, especialmente la inferior externa, están muy deteriorados. -- H. en blanco: Ninguna. -- H. dañadas, mutiladas y sueltas: Ff. 120-127 sueltos. -- H. faltan o añadidas: En 2º cuaderno falta una hoja, parece que la última.. -- Foliación: 21-127. Moderna, a lápiz, en el margen superior izquierdo. Dos manos: una de ellas es parcial e incorrecta (f. 92 a tinta). -- Reclamos: No constan. -- Sign. de cuaderno: No. -- Pautado: A punta seca en el verso. -- Filigrana: Papel verjurado, en el que no se aprecia filigrana. -- Anotaciones: Pruebas caligráficas. Añadidos en árabe (63r, 74r, 84v, 85r, etc.) y aljamiado, parece la misma mano que el cuerpo del texto (75r-v).</subfield>
          </datafield>
          <datafield tag="501" ind1=" " ind2=" ">
            <subfield code="a">[3º Fragmento]:</subfield>
          </datafield>
          <datafield tag="501" ind1=" " ind2=" ">
            <subfield code="a">Fragmentos coránicos. -- [ms. carece de tít.] / [sin aut.]. -- 82 ff. (Una col., 8 líneas por pág.) : papel , 17x11 cm (caja: 12x7 cm).</subfield>
          </datafield>
          <datafield tag="501" ind1=" " ind2=" ">
            <subfield code="a">[cont. 3º Fragmento]:</subfield>
          </datafield>
          <datafield tag="501" ind1=" " ind2=" ">
            <subfield code="a">Incipit: خَلَقَنِي فَهُوَ يَهْدِينِ وَالَّذِي هُوَ يُطْعِمُنِي وَيَسْقِينِ.</subfield>
          </datafield>
          <datafield tag="501" ind1=" " ind2=" ">
            <subfield code="a">Explicit: اِلطَّيِّبَاتُ َالصَّلَوَاتُ / اللة اِلسَّلَامٌ عَلَيْكَ.</subfield>
          </datafield>
          <datafield tag="501" ind1=" " ind2=" ">
            <subfield code="a">[cont. 3º Fragmento]:</subfield>
          </datafield>
          <datafield tag="501" ind1=" " ind2=" ">
            <subfield code="a">Tinta negra para el ductus y roja para la vocalización; amarilla para los títulos de las azoras. -- Copista: Desconocido. -- Colofón, características especiales: No. -- Ilustración: Motivo circular con decoración exterior, a modo de pétalos de margarita, empleado habitualmente en coranes para indicar final de versículo, aunque en este caso sin razón concreta identificada. Dos tipos de cerezas, que tienden a indicar cambio de versículo, pero no siempre. -- Ilustraciones: Los caracteres semicúficos están adornados con trazos oblicuos rojos menos en un caso. -- Tipo de cuaderno: 4 octoniones y 4 ff. sueltos, que conforman la segunda parte del primer cuaderno que se conserva. -- Deterioros: Manchas de fuego y humedad en esquina inferior externa. Corte superior deteriorado. -- H. en blanco: Ninguna. -- H. dañadas, mutiladas, sueltas: Ff. 137-142 sueltos, pero restaurados por el margen interior. -- H. faltan o añadidas: Primera parte del primer cuaderno. Bifolio exterior del cuaderno [199-202]. Al menos otro cuaderno al final. -- Foliación: Ff. 123-202. Moderna, a lápiz, en el margen izquierdo. Faltan por foliar: 138bis, 155bis; numera 199-200 en vez de 189-190, a los que siguen 189-198, que salta 201-202. La foliación corresponde a una disposición desordenada del volumen. Una vez ordenado, y a partir de la foliación conservada, el volumen quedaría de la siguiente forma: 137-138-138bis-139-140+123-136+141+199-200+189-198+201-202+142-155-155bis-188.</subfield>
          </datafield>
          <datafield tag="501" ind1=" " ind2=" ">
            <subfield code="a">[cont. 3º Fragmento]:</subfield>
          </datafield>
          <datafield tag="501" ind1=" " ind2=" ">
            <subfield code="a">Reclamos: En horizontal, en el verso del último folio de cada cuaderno. Añadidos por otra mano. -- Sign. de cuaderno: No. -- Pautado: No se aprecia, pero tuvo que haber. -- Filigrana: Papel verjurado sin filigrana visible. -- Anotaciones: Pruebas caligráficas y de pluma por otra mano en el margen. Anotaciones al margen en aljamía.</subfield>
          </datafield>
          <datafield tag="510" ind1="3" ind2=" ">
            <subfield code="a">Descripción: Julián Ribera y Miguel Asín, Manuscritos árabes y aljamiados de la Biblioteca de la Junta, Madrid, Junta para Ampliación de Estudios e Investigaciones Científicas, 1912, p. 152 [Fragmentos 1, 2, 3]</subfield>
          </datafield>
          <datafield tag="520" ind1="2" ind2=" ">
            <subfield code="a">[Fragmento 1]: 11v-15r. “Esta es rogaria đe agua para cuando abrá necesidad”.</subfield>
          </datafield>
          <datafield tag="520" ind1="2" ind2=" ">
            <subfield code="a">[Fragmento 2]: 1.- Ff. 21r-31r. Los siete alhaicales: desde el final del tercero (acéfalo) hasta el séptimo. 2.- Ff. 31r-92v. Taçbihes y rogarias (aduas). 3.- Ff. 92v-93v. “Las aduas que dirás cuando farás azalá al muerto”: [texto árabe]. 4.- Ff. 94r-114r. Fragmentos del Corán. 5.- 113r-114r. [Dicho del profeta.] 114v-127v. [Texto religioso árabe-aljamiado interlineado.]</subfield>
          </datafield>
          <datafield tag="520" ind1="2" ind2=" ">
            <subfield code="a">[Fragmento 3]: 137r-187v. Azoras coránicas. 187v-188v. [Oraciones.]</subfield>
          </datafield>
          <datafield tag="530" ind1=" " ind2=" ">
            <subfield code="a">María Pilar Martínez Olmo, Colección de manuscritos árabes y aljamiados de la Biblioteca del Instituto de Filología del CSIC [recurso electrónico]: los manuscritos de la Junta, Madrid, CSIC, 1998, 4 Cd-Rom. [Fragmento 1, 2, 3]</subfield>
          </datafield>
          <datafield tag="541" ind1=" " ind2=" ">
            <subfield code="a">Procedencia: Almonacid de la Sierra</subfield>
            <subfield code="d">Ingreso: Junio de 1910 [Fragmento 1, 2, 3]</subfield>
          </datafield>
          <datafield tag="546" ind1=" " ind2=" ">
            <subfield code="a">Aljamía y árabe</subfield>
            <subfield code="b">con escritura magrebí [Fragmento 1]</subfield>
          </datafield>
          <datafield tag="546" ind1=" " ind2=" ">
            <subfield code="a">Árabe, y traducción interlineada en los últimos folios al aljamía.</subfield>
            <subfield code="b">con escritura magrebí [Fragmento 2]</subfield>
          </datafield>
          <datafield tag="546" ind1=" " ind2=" ">
            <subfield code="a">Árabe.</subfield>
            <subfield code="b">con escritura magrebí y seudocúfico para títulos de azoras. [Fragmento 3]</subfield>
          </datafield>
          <datafield tag="563" ind1=" " ind2=" ">
            <subfield code="a">No. [Fragmento 1]</subfield>
          </datafield>
          <datafield tag="563" ind1=" " ind2=" ">
            <subfield code="a">Los cuadernos están cosidos y se conserva un fragmento de piel marrón oscuro cosido a los cuadernos. [Fragmento 2]</subfield>
          </datafield>
          <datafield tag="563" ind1=" " ind2=" ">
            <subfield code="a">Inexistente. [Fragmento 3]</subfield>
          </datafield>
          <datafield tag="630" ind1="0" ind2="7">
            <subfield code="a">Corán.</subfield>
            <subfield code="2">CSICAU</subfield>
          </datafield>
          <datafield tag="650" ind1=" " ind2="7">
            <subfield code="a">Oración</subfield>
            <subfield code="x">Islam.</subfield>
            <subfield code="2">CSICAU</subfield>
          </datafield>
          <datafield tag="650" ind1=" " ind2="7">
            <subfield code="a">Manuscritos árabes.</subfield>
            <subfield code="2">CSICAU</subfield>
          </datafield>
          <datafield tag="650" ind1=" " ind2="7">
            <subfield code="a">Manuscritos aljamiados.</subfield>
            <subfield code="2">CSICAU</subfield>
          </datafield>
          <datafield tag="730" ind1="0" ind2=" ">
            <subfield code="a">Rogaria para pedir agua</subfield>
          </datafield>
          <datafield tag="730" ind1="0" ind2=" ">
            <subfield code="a">Misceláneo religioso</subfield>
          </datafield>
          <datafield tag="730" ind1="0" ind2=" ">
            <subfield code="a">Fragmentos coránicos</subfield>
          </datafield>
          <datafield tag="740" ind1="0" ind2=" ">
            <subfield code="a">Esta es rogaria đe agua para cuando abrá necesidad</subfield>
          </datafield>
          <datafield tag="830" ind1=" " ind2="0">
            <subfield code="a">Manuscripta</subfield>
          </datafield>
          <datafield tag="856" ind1="4" ind2="1">
            <subfield code="u">http://aleph.csic.es/imagenes/mad01/0006_PMSC/P_001227666_651213_V00.pdf</subfield>
            <subfield code="z">Descargar Pdf completo (29M)</subfield>
            <subfield code="m">CSIC</subfield>
          </datafield>
          <datafield tag="856" ind1="4" ind2="1">
            <subfield code="u">http://aleph.csic.es/imagenes/mad01/0006_PMSC/html/001227666.html</subfield>
            <subfield code="z">Ver texto completo en Bookreader</subfield>
          </datafield>
          <datafield tag="856" ind1="4" ind2="1">
            <subfield code="u">http://simurg.csic.es/view/279649</subfield>
            <subfield code="z">Acceso a la versión digitalizada en Simurg</subfield>
          </datafield>
          <datafield tag="040" ind1=" " ind2=" ">
            <subfield code="a">ES-MaCSI</subfield>
            <subfield code="b">spa</subfield>
          </datafield>
        </record>
      </metadata>
    </record>