
    <record>
      <header>
        <identifier>oai:alma.34CSIC_INST:990012274470204201</identifier>
        <datestamp>2022-07-01T05:01:55Z</datestamp>
        <setSpec>manuscripta</setSpec>
        <setSpec>csic-bibliografico</setSpec>
      </header>
      <metadata>
        <record xmlns="http://www.loc.gov/MARC21/slim" xmlns:xsi="http://www.w3.org/2001/XMLSchema-instance" xsi:schemaLocation="http://www.loc.gov/MARC21/slim http://www.loc.gov/standards/marcxml/schema/MARC21slim.xsd">
          <leader>07723ntm a2200565 i 4500</leader>
          <controlfield tag="005">20220609123409.0</controlfield>
          <controlfield tag="008">100330q14901510sp            000 0 ara d</controlfield>
          <controlfield tag="001">990012274470204201</controlfield>
          <datafield tag="035" ind1=" " ind2=" ">
            <subfield code="a">CSIC001227447</subfield>
          </datafield>
          <datafield tag="035" ind1=" " ind2=" ">
            <subfield code="a">(ES-MaCSI)001227447MAD01-Aleph</subfield>
          </datafield>
          <datafield tag="035" ind1=" " ind2=" ">
            <subfield code="a">(OCoLC)1123965210
</subfield>
          </datafield>
          <datafield tag="080" ind1=" " ind2=" ">
            <subfield code="a">091(=411.21)</subfield>
          </datafield>
          <datafield tag="245" ind1="1" ind2="0">
            <subfield code="a">[Códice de miscelánea]</subfield>
            <subfield code="h">[Manuscrito]</subfield>
          </datafield>
          <datafield tag="260" ind1=" " ind2=" ">
            <subfield code="a">[S.l.],</subfield>
            <subfield code="c">[s.f., S. XVI].</subfield>
          </datafield>
          <datafield tag="300" ind1=" " ind2=" ">
            <subfield code="a">194 ff. + 4 hojas de guarda escritas (3 al principio y 1 al final) (Una col., líneas por pág.) :</subfield>
            <subfield code="b">Papel ;</subfield>
            <subfield code="c">26,8 x 19 cms (caja: 19,8 x 13,5 cms). El ancho de caja varía de 13 a 16 cm.</subfield>
          </datafield>
          <datafield tag="490" ind1="0" ind2=" ">
            <subfield code="a">Manuscripta</subfield>
          </datafield>
          <datafield tag="500" ind1=" " ind2=" ">
            <subfield code="a">Incipit: (بعد البسملة). ءَاشْتَ ءَاشْ اَلْوَصِيَى ذَاعَلِي اِبْنُ اَبِي طَالِب اَبَّغَاشَا اللهْ ذَالْ. كَالَفِزُ ءَالَنِّبِي مُحَكَّد</subfield>
          </datafield>
          <datafield tag="500" ind1=" " ind2=" ">
            <subfield code="a">Explicit: ءَانْلَسِبْذَذْذَاكُرْذُبَ اِبُّوَاشْتَ بُّرَاشْكِرِبْتُرَ اِيَاسْتُ ءَاشْ لُمكَافُوَاذَالَلْحَدِيثْ ذَالْبَنُّ ذَازَرِيَاب (والحمدلة).</subfield>
          </datafield>
          <datafield tag="500" ind1=" " ind2=" ">
            <subfield code="a">Tinta marrón y negra para el ductus, y roja para parte de la vocalización e ilustraciones, en las que también se utiliza el amarillo y verde.</subfield>
          </datafield>
          <datafield tag="500" ind1=" " ind2=" ">
            <subfield code="a">Copista: Desconocido. Varias manos.</subfield>
          </datafield>
          <datafield tag="500" ind1=" " ind2=" ">
            <subfield code="a">Colofón ; Características especiales ; Ilustración: No.</subfield>
          </datafield>
          <datafield tag="500" ind1=" " ind2=" ">
            <subfield code="a">Ilustraciones: Cenefas, motivos geométricos y vegetales, tanto en el cuerpo del texto como en los márgenes; ‘unwān.</subfield>
          </datafield>
          <datafield tag="500" ind1=" " ind2=" ">
            <subfield code="a">Tipo de cuaderno: Sexternos.</subfield>
          </datafield>
          <datafield tag="500" ind1=" " ind2=" ">
            <subfield code="a">Deterioros: Manchas de humedad en parte inferior del primer tercio del volumen, especialmente en esquina exterior, lo que pone en peligro el papel a la hora de pasar las páginas, porque tiende a romperse. La primera y última hoja de guarda están muy deterioradas. Corte externo abarquillado y endurecido, lo que dificulta pasar páginas, especialmente en los primeros folios. Galerías de insectos en últimos folios. F. 45 muy restaurado por la parte interior. La tinta ha roto en algunas partes el papel.</subfield>
          </datafield>
          <datafield tag="500" ind1=" " ind2=" ">
            <subfield code="a">H. en blanco: Ninguna.</subfield>
          </datafield>
          <datafield tag="500" ind1=" " ind2=" ">
            <subfield code="a">H. dañadas, mutiladas, sueltas: A la última hoja de guarda le falta la parte superior. Margen externo de f. 158, prácticamente en su totalidad, cortado. Sueltas: 66, 67, 99, 104, 105, 173, 180.</subfield>
          </datafield>
          <datafield tag="500" ind1=" " ind2=" ">
            <subfield code="a">H. faltan o añadidas: Falta folio entre 72 y 73.</subfield>
          </datafield>
          <datafield tag="500" ind1=" " ind2=" ">
            <subfield code="a">Foliación: 1-193. Moderna, a lápiz, en el margen. Se repite 32[bis]. Desde 106, otra mano con lápiz de color azul corrige el salto de numeración sobre lo escrito a lápiz. Ubica una hoja suelta que estaba mal foliada (147 por la anterior 106). Desde 148, vuelve a estar solo numeración a lápiz, porque se ha subsanado el salto de un folio.</subfield>
          </datafield>
          <datafield tag="500" ind1=" " ind2=" ">
            <subfield code="a">Reclamos: En margen inferior del verso del último folio.</subfield>
          </datafield>
          <datafield tag="500" ind1=" " ind2=" ">
            <subfield code="a">Signatura cuaderno: No.</subfield>
          </datafield>
          <datafield tag="500" ind1=" " ind2=" ">
            <subfield code="a">Pautado: No se aprecia, pero tuvo que haber.</subfield>
          </datafield>
          <datafield tag="500" ind1=" " ind2=" ">
            <subfield code="a">Filigrana: Mano con trébol.</subfield>
          </datafield>
          <datafield tag="500" ind1=" " ind2=" ">
            <subfield code="a">Signatura antigua: Junta 4</subfield>
          </datafield>
          <datafield tag="500" ind1=" " ind2=" ">
            <subfield code="a">Anotaciones: Hojas de guarda escritas en recto y verso, en aljamía en caracteres árabes y latinos.</subfield>
          </datafield>
          <datafield tag="510" ind1="3" ind2=" ">
            <subfield code="a">Descripción: Julián Ribera y Miguel Asín, Manuscritos árabes y aljamiados de la Biblioteca de la Junta, Madrid, Junta para Ampliación de Estudios e Investigaciones Científicas, 1912, p. 13-16.</subfield>
          </datafield>
          <datafield tag="510" ind1="4" ind2=" ">
            <subfield code="a">Bibliografía: Eduardo Saavedra, El mundo ilustrado, núm. 88, Barcelona, 1881. Pablo Gil y Gil, “Los manuscritos aljamiados de mi colección”, en Homenaje a Francisco Codera, Zaragoza, Mariano Escar, 1904, p. 539. ‘Alī b. ‘Isà Aṭ-ṭulaytulī, Muhtaṣar (compendio), ed., trad. y estudio por María José Cervera, Madrid, CSIC/AECI, 2000. Nuria Martínez de Castilla, Una biblioteca morisca entre dos tapas, Zaragoza, IEIOP, 2010, pp. 339, 367, 368. Alfredo Mateos y Juan Carlos Villaverde (eds.), Memoria de los moriscos. Escritos y relatos de una diáspora cultural, Madrid, SECC, 2010, pp. 225-226 (reproducción, pp. 79, 227).</subfield>
          </datafield>
          <datafield tag="520" ind1=" " ind2=" ">
            <subfield code="a">1v-24v. “El guacía de Alí b. Abi Talib”. 24v-52r. “Este es el recontamiento del día del judicio”. 52r-67r. “Esto es lo que fabló Muça con Allah”. 67r-72v. “Este es l’alfadila del adua del arnés”. Ápodo. 73r-85r. [Oraciones.] 85r-89r. “El adua de la apedreada”. 89r-99r. [Otras aduas.] 99r-146r. “Este es alquiteb clamado Lalmuhtasar”. 146r-147r. [Tradiciones de Omar y Abén Abás.] 147r-156v. “Esta es l’alguacía del gran turco”. 156v-175v. “Capítulo que fabla del prencipio de los turcos”. 175v-180v. “Capítulo que fabla de los poderes de los mayores reyes de muçlimes”. 180v-182r. [Narraciones, entre otras, sacadas de Çamarcandío [sic].] 182r-193r. “Este es l’alhadiz del baño de Zarieb”.</subfield>
          </datafield>
          <datafield tag="530" ind1=" " ind2=" ">
            <subfield code="a">María Pilar Martínez Olmo, Colección de manuscritos árabes y aljamiados de la Biblioteca del Instituto de Filología del CSIC [recurso electrónico]: los manuscritos de la Junta, Madrid, CSIC, 1998, 4 Cd-Rom.</subfield>
          </datafield>
          <datafield tag="541" ind1=" " ind2=" ">
            <subfield code="a">Procedencia: Almonacid de la Sierra.</subfield>
            <subfield code="d">Ingreso: Junio de 1910.</subfield>
          </datafield>
          <datafield tag="546" ind1=" " ind2=" ">
            <subfield code="a">Aljamía y árabe</subfield>
            <subfield code="b">con escritura magrebí</subfield>
          </datafield>
          <datafield tag="563" ind1=" " ind2=" ">
            <subfield code="a">Probablemente original, o al menos coetánea. Cubierta en cuero marrón oscuro, muy deteriorada. No hay restos de tabla. Decorada mediente filetes con hierros y motivos florales estampados en seco.</subfield>
          </datafield>
          <datafield tag="594" ind1=" " ind2="1">
            <subfield code="a">Tít. y responsabilidad desconocido.</subfield>
          </datafield>
          <datafield tag="595" ind1=" " ind2=" ">
            <subfield code="a">Mohamed Ali Ben M’Rad, Estudio y edición del códice misceláneo aljamiado-morisco número IV de la Junta, tesis doctoral inédita, Madrid, Universidad Complutense, 1990.</subfield>
          </datafield>
          <datafield tag="650" ind1=" " ind2="7">
            <subfield code="a">Manuscritos árabes.</subfield>
            <subfield code="2">CSICAU</subfield>
          </datafield>
          <datafield tag="650" ind1=" " ind2="7">
            <subfield code="a">Manuscritos aljamiados.</subfield>
            <subfield code="2">CSICAU</subfield>
          </datafield>
          <datafield tag="830" ind1=" " ind2="0">
            <subfield code="a">Manuscripta</subfield>
          </datafield>
          <datafield tag="856" ind1="4" ind2="1">
            <subfield code="u">http://aleph.csic.es/imagenes/mad01/0006_PMSC/P_001227447_650776_V00.pdf</subfield>
            <subfield code="z">Descargar Pdf completo (26M)</subfield>
            <subfield code="m">CSIC</subfield>
          </datafield>
          <datafield tag="856" ind1="4" ind2="1">
            <subfield code="u">http://aleph.csic.es/imagenes/mad01/0006_PMSC/html/001227447.html</subfield>
            <subfield code="z">Ver texto completo en Bookreader</subfield>
          </datafield>
          <datafield tag="856" ind1="4" ind2="1">
            <subfield code="u">http://simurg.csic.es/view/267440</subfield>
            <subfield code="z">Acceso a la versión digitalizada en Simurg</subfield>
          </datafield>
          <datafield tag="040" ind1=" " ind2=" ">
            <subfield code="a">ES-MaCSI</subfield>
            <subfield code="b">spa</subfield>
          </datafield>
        </record>
      </metadata>
    </record>