
    <record>
      <header>
        <identifier>oai:alma.34CSIC_INST:990012275300204201</identifier>
        <datestamp>2022-07-01T05:01:55Z</datestamp>
        <setSpec>manuscripta</setSpec>
        <setSpec>csic-bibliografico</setSpec>
      </header>
      <metadata>
        <record xmlns="http://www.loc.gov/MARC21/slim" xmlns:xsi="http://www.w3.org/2001/XMLSchema-instance" xsi:schemaLocation="http://www.loc.gov/MARC21/slim http://www.loc.gov/standards/marcxml/schema/MARC21slim.xsd">
          <leader>09478ntm a2200685 i 4500</leader>
          <controlfield tag="005">20220609123412.0</controlfield>
          <controlfield tag="008">100331q14861486sp            000 0 ara d</controlfield>
          <controlfield tag="001">990012275300204201</controlfield>
          <datafield tag="035" ind1=" " ind2=" ">
            <subfield code="a">CSIC001227530</subfield>
          </datafield>
          <datafield tag="035" ind1=" " ind2=" ">
            <subfield code="a">(ES-MaCSI)001227530MAD01-Aleph</subfield>
          </datafield>
          <datafield tag="035" ind1=" " ind2=" ">
            <subfield code="a">(OCoLC)1123931993
</subfield>
          </datafield>
          <datafield tag="080" ind1=" " ind2=" ">
            <subfield code="a">091(=411.21)</subfield>
          </datafield>
          <datafield tag="080" ind1=" " ind2=" ">
            <subfield code="a">28-587</subfield>
          </datafield>
          <datafield tag="100" ind1="1" ind2=" ">
            <subfield code="a">ابو الحسن علي بن عبد الله بن ملك المعْمَري الاُبَذِي</subfield>
          </datafield>
          <datafield tag="245" ind1="1" ind2="0">
            <subfield code="a">سفر فيه جميع اختصار كتاب احيا علوم الدين</subfield>
            <subfield code="h">[Manuscrito]</subfield>
          </datafield>
          <datafield tag="260" ind1=" " ind2=" ">
            <subfield code="a">[S.l.],</subfield>
            <subfield code="c">1486 [24 Rabi, al-awwal 891/30 marzo 1486].</subfield>
          </datafield>
          <datafield tag="300" ind1=" " ind2=" ">
            <subfield code="a">163 ff. (1 col. 17 líneas por pág.) :</subfield>
            <subfield code="b">papel tratado ;</subfield>
            <subfield code="c">21,4x15 cm (Caja 16,9x9,6 cm).</subfield>
          </datafield>
          <datafield tag="490" ind1="0" ind2=" ">
            <subfield code="a">Manuscripta</subfield>
          </datafield>
          <datafield tag="500" ind1=" " ind2=" ">
            <subfield code="a">Incipit: (بعد البسملة وتصلية) قال المولف رحمه الله الحمد لله رب العلمين و صلى الله على محمد و على جميع النبين و الملايكة اجمعين</subfield>
          </datafield>
          <datafield tag="500" ind1=" " ind2=" ">
            <subfield code="a">Explicit: و َسهُُل لي الخلاص مما كنت فيه فَعَليكم بِهَذهِ الدُعواتِ لا تغفَلوا عنْهَا.</subfield>
          </datafield>
          <datafield tag="500" ind1=" " ind2=" ">
            <subfield code="a">Copista: احمد بن علي شلوُن</subfield>
          </datafield>
          <datafield tag="500" ind1=" " ind2=" ">
            <subfield code="a">Lugar de escritura: No consta</subfield>
          </datafield>
          <datafield tag="500" ind1=" " ind2=" ">
            <subfield code="a">Tinta negra.</subfield>
          </datafield>
          <datafield tag="500" ind1=" " ind2=" ">
            <subfield code="a">Copista: احمد بن علي شلوُن</subfield>
          </datafield>
          <datafield tag="500" ind1=" " ind2=" ">
            <subfield code="a">Colofón:كمل المخموع النافع الكامِل والحمْدُ لله رَب العَالمِينَ وصلواتُهُ على سيدنَا محمد خاتم النبين وَعلى الهِ واَصحَابه أَجْمَعِين امين رب الْعالمِين. مِمَا [...] احمد بن علي شلُون لنفسهِ وبعْده لمن شاء الله وانتقا[...]هُ من كلاَم الامام الحافظ اَبِي حَامِدٍ الغزالي رَضِي الله عنْهُ وغفر الله لَهُ وَلِوَالَدِيهِ وَكَان فراغه منْهُ يوم الخميس الى ثلاثين من مارْسُ 198[corregido: 891] وَاَلحَمْدُ لله رَبِ العالمِين.</subfield>
          </datafield>
          <datafield tag="500" ind1=" " ind2=" ">
            <subfield code="a">Características especiales: No.</subfield>
          </datafield>
          <datafield tag="500" ind1=" " ind2=" ">
            <subfield code="a">Ilustración: No.</subfield>
          </datafield>
          <datafield tag="500" ind1=" " ind2=" ">
            <subfield code="a">Ilustraciones: No.</subfield>
          </datafield>
          <datafield tag="500" ind1=" " ind2=" ">
            <subfield code="a">Tipo de cuaderno: Variable: 2 de 6 bifolios, 3 de 7 bifolios, 1 de 8 bifolios, y 4 de 9 bifolios.</subfield>
          </datafield>
          <datafield tag="500" ind1=" " ind2=" ">
            <subfield code="a">Deterioros generales: Lomo de la encuadernación desprendido casi completamente del volumen. ff.1-12 y 93-117: galerías de insectos bibliófagos.</subfield>
          </datafield>
          <datafield tag="500" ind1=" " ind2=" ">
            <subfield code="a">H. en blanco: No.</subfield>
          </datafield>
          <datafield tag="500" ind1=" " ind2=" ">
            <subfield code="a">H. dañadas, mutiladas, sueltas: f. 14 y 15, pegadas entre sí y sueltas del volumen. f. 148 cortado en la esquina exterior. Último folio (sin numerar): agujeros que impiden la lectura de algunas palabras.</subfield>
          </datafield>
          <datafield tag="500" ind1=" " ind2=" ">
            <subfield code="a">H. faltan o añadidas: No.</subfield>
          </datafield>
          <datafield tag="500" ind1=" " ind2=" ">
            <subfield code="a">Foliación: Hasta el 162, en tinta, en la parte superior derecha del verso.</subfield>
          </datafield>
          <datafield tag="500" ind1=" " ind2=" ">
            <subfield code="a">Reclamos: No.</subfield>
          </datafield>
          <datafield tag="500" ind1=" " ind2=" ">
            <subfield code="a">Signatura de cuaderno: No.</subfield>
          </datafield>
          <datafield tag="500" ind1=" " ind2=" ">
            <subfield code="a">Pautado: No se aprecia, distancia interlineal regular de 1 cm.</subfield>
          </datafield>
          <datafield tag="500" ind1=" " ind2=" ">
            <subfield code="a">Filigrana: No.</subfield>
          </datafield>
          <datafield tag="500" ind1=" " ind2=" ">
            <subfield code="a">Signatura antigua: Lomo: sello blanco y azul con nº 21 Hoja tapa: sello blanco y azul: “21” f. 1r: escrito a lápiz: “Antiguo nº99=163. Moderno nº21”. Junta 21</subfield>
          </datafield>
          <datafield tag="500" ind1=" " ind2=" ">
            <subfield code="a">Anotaciones: Notas marginales. f. 163v e interior tapa: texto teológico por distinta mano de la copia. Último folio: صلى بالشرا الصحيح ملك [...] عبد الله محمد [...] الشرفي</subfield>
          </datafield>
          <datafield tag="510" ind1="3" ind2=" ">
            <subfield code="a">Descripción: J. Ribera y M. Asín (dirs.), Manuscritos árabes y aljamiados de la biblioteca de la Junta : noticia y extractos, Madrid: Junta para la ampliación de Estudios e Investigaciones Científicas, 1912, pp. 95-97.</subfield>
          </datafield>
          <datafield tag="510" ind1="4" ind2=" ">
            <subfield code="a">Bibliografía: J. Ribera y M. Asín (dirs.), Manuscritos árabes y aljamiados de la biblioteca de la Junta : noticia y extractos, Madrid: Junta para la ampliación de Estudios e Investigaciones Científicas, 1912, pp. 95-97.</subfield>
          </datafield>
          <datafield tag="520" ind1="2" ind2=" ">
            <subfield code="a">Compendio breve de las cuatro partes del Ihīa̓ de Algazel de Abū al-Ḥasan ʽAlī b. ʽAbd Allāh b. Malik al-Maʽmarī al-Ubaḏī</subfield>
          </datafield>
          <datafield tag="530" ind1=" " ind2=" ">
            <subfield code="a">Mª del P. Martínez Olmo, Colección de manuscritos árabes y aljamiados de la Biblioteca del Instituto de Filología del CSIC, Instituto de Filología CSIC, Madrid, 1998 (4 Cd-Rom), CD 2.</subfield>
          </datafield>
          <datafield tag="541" ind1=" " ind2=" ">
            <subfield code="a">Procedencia: Almonacid de la Sierra Pablo Gil. Sección Árabe Centro de Estudios Históricos (JAE). Escuela de Estudios Árabes de Madrid. Instituto de Filología, CSIC.</subfield>
            <subfield code="d">Ingreso: Junio de 1910</subfield>
          </datafield>
          <datafield tag="546" ind1=" " ind2=" ">
            <subfield code="a">Árabe</subfield>
            <subfield code="b">con escritura magrebí</subfield>
          </datafield>
          <datafield tag="563" ind1=" " ind2=" ">
            <subfield code="a">Piel repujada sobre madera con bullones dorados. Reparada con otra encuadernación igual, y sobre ella pegada parte de la antigua. Cierre de piel y metal.</subfield>
          </datafield>
          <datafield tag="595" ind1=" " ind2=" ">
            <subfield code="a">No.</subfield>
          </datafield>
          <datafield tag="650" ind1=" " ind2="7">
            <subfield code="a">Manuscritos árabes.</subfield>
            <subfield code="2">CSICAU</subfield>
          </datafield>
          <datafield tag="650" ind1=" " ind2="7">
            <subfield code="a">Manuscritos aljamiados.</subfield>
            <subfield code="2">CSICAU</subfield>
          </datafield>
          <datafield tag="650" ind1=" " ind2="7">
            <subfield code="a">Misticismo.</subfield>
            <subfield code="2">CSICAU</subfield>
          </datafield>
          <datafield tag="700" ind1="1" ind2=" ">
            <subfield code="a">احمد بن علي شلوُن</subfield>
          </datafield>
          <datafield tag="700" ind1="1" ind2=" ">
            <subfield code="a">Aḥmad b. ʽAlī Šalūn</subfield>
            <subfield code="e">copista</subfield>
          </datafield>
          <datafield tag="700" ind1="1" ind2=" ">
            <subfield code="a">Abū al-Ḥasan ʽAli b. ʽAbd Allāh b. Malik al-Maʽmarī al-Ubaḏi</subfield>
          </datafield>
          <datafield tag="740" ind1="3" ind2=" ">
            <subfield code="a">Al-safr fī-hi ŷamīʽ ijtiṣār kitāb Iḥīa ʽulum al-dīn</subfield>
          </datafield>
          <datafield tag="830" ind1=" " ind2="0">
            <subfield code="a">Manuscripta</subfield>
          </datafield>
          <datafield tag="856" ind1="4" ind2="1">
            <subfield code="u">http://aleph.csic.es/imagenes/mad01/0006_PMSC/P_001227530_650933_V00.pdf</subfield>
            <subfield code="z">Descargar Pdf completo (18M)</subfield>
            <subfield code="m">CSIC</subfield>
          </datafield>
          <datafield tag="856" ind1="4" ind2="1">
            <subfield code="u">http://aleph.csic.es/imagenes/mad01/0006_PMSC/html/001227530.html</subfield>
            <subfield code="z">Ver texto completo en Bookreader</subfield>
          </datafield>
          <datafield tag="856" ind1="4" ind2="1">
            <subfield code="u">http://simurg.csic.es/view/273252</subfield>
            <subfield code="z">Acceso a la versión digitalizada en Simurg</subfield>
          </datafield>
          <datafield tag="040" ind1=" " ind2=" ">
            <subfield code="a">ES-MaCSI</subfield>
            <subfield code="b">spa</subfield>
          </datafield>
        </record>
      </metadata>
    </record>