
    <record>
      <header>
        <identifier>oai:alma.34CSIC_INST:990012275610204201</identifier>
        <datestamp>2022-07-01T05:01:55Z</datestamp>
        <setSpec>manuscripta</setSpec>
        <setSpec>csic-bibliografico</setSpec>
      </header>
      <metadata>
        <record xmlns="http://www.loc.gov/MARC21/slim" xmlns:xsi="http://www.w3.org/2001/XMLSchema-instance" xsi:schemaLocation="http://www.loc.gov/MARC21/slim http://www.loc.gov/standards/marcxml/schema/MARC21slim.xsd">
          <leader>21092ntm a2201189 i 4500</leader>
          <controlfield tag="005">20220609123413.0</controlfield>
          <controlfield tag="008">100331q1500    sp            000 0 ara d</controlfield>
          <controlfield tag="001">990012275610204201</controlfield>
          <datafield tag="035" ind1=" " ind2=" ">
            <subfield code="a">CSIC001227561</subfield>
          </datafield>
          <datafield tag="035" ind1=" " ind2=" ">
            <subfield code="a">(ES-MaCSI)001227561MAD01-Aleph</subfield>
          </datafield>
          <datafield tag="035" ind1=" " ind2=" ">
            <subfield code="a">(OCoLC)1123867932
</subfield>
          </datafield>
          <datafield tag="080" ind1=" " ind2=" ">
            <subfield code="a">091(=411.21)</subfield>
          </datafield>
          <datafield tag="080" ind1=" " ind2=" ">
            <subfield code="a">28</subfield>
          </datafield>
          <datafield tag="245" ind1="1" ind2="0">
            <subfield code="a">[Miscelánea]</subfield>
            <subfield code="h">[Manuscrito]</subfield>
          </datafield>
          <datafield tag="260" ind1=" " ind2=" ">
            <subfield code="a">[S.l.],</subfield>
            <subfield code="c">[Siglo XVI, sin fecha].</subfield>
          </datafield>
          <datafield tag="300" ind1=" " ind2=" ">
            <subfield code="a">ff.</subfield>
          </datafield>
          <datafield tag="490" ind1="0" ind2=" ">
            <subfield code="a">Manuscripta</subfield>
          </datafield>
          <datafield tag="500" ind1=" " ind2=" ">
            <subfield code="a">Signatura antigua: Junta 32</subfield>
          </datafield>
          <datafield tag="501" ind1=" " ind2=" ">
            <subfield code="a">[Fragmento A]:</subfield>
          </datafield>
          <datafield tag="501" ind1=" " ind2=" ">
            <subfield code="a">Título: Capítulos y narraciones de índole religiosa / responsabilidad desconocida. -- [S.l., s. f. S. XVI]. -- II h.d.g. + 68 ff. (Una col., entre 14 y 17 líneas por pág.) : papel ; Hay varios tamaños de papel, y también de caja: desde 16,7 x 11,4 cms (caja: 13,4 x 9,2) a 15,3 x 10,5 (caja: 11,9 x 8 cm.). -- Tinta marrón.</subfield>
          </datafield>
          <datafield tag="501" ind1=" " ind2=" ">
            <subfield code="a">[Cont. fragmento A]:</subfield>
          </datafield>
          <datafield tag="501" ind1=" " ind2=" ">
            <subfield code="a">Incipit: لَشْمَاجُرَاشْدُشْ اَسُورَشْ كَاشَالَاءِانْ ءَانْلَشْدُشْاَلرَّكَعَشْدَالَلْبَ</subfield>
          </datafield>
          <datafield tag="501" ind1=" " ind2=" ">
            <subfield code="a">Explicit: اِدِشَارُنْلَا ءَالُّش بُّوَاشْشِتُدِزَاشْبَارْذَدءَانْلُكَانُشْ دِزَاشْ رُّوَاغَلَا اَشَا</subfield>
          </datafield>
          <datafield tag="501" ind1=" " ind2=" ">
            <subfield code="a">[Cont. fragmento A]:</subfield>
          </datafield>
          <datafield tag="501" ind1=" " ind2=" ">
            <subfield code="a">Copista: Desconocido. -- Colofón: No. -- Características especiales: Capítulos divididos por rayas horizontales. -- Ilustración, Ilustraciones: No. -- Tipo de cuaderno: Binión, quinión, sexterno y de doce bifolios. -- Deterioros: Quemaduras en los cortes, especialmente en el inferior, que se combinan con las manchas de humedad. Galerías de insectos fitófagos, que afecta a la buena lectura del texto. -- H. en blanco: Dos hojas de guarda, 1r. -- H. dañadas, mutiladas, sueltas: No. -- H. faltan o añadidas: 9 hojas al final de la unidad codicológica, y otra hoja entre ff. 50 y 51. -- Foliación: 1-68. Moderna, a lápiz, en el margen derecho del vuelto de cada folio. -- Reclamos, Signatura cuaderno, Pautado: No. -- Filigrana: Cruz inserta en lágrima, con letras “AM”. -- Anotaciones: No.</subfield>
          </datafield>
          <datafield tag="501" ind1=" " ind2=" ">
            <subfield code="a">[Fragmento B]:</subfield>
          </datafield>
          <datafield tag="501" ind1=" " ind2=" ">
            <subfield code="a">Título: Oraciones / responsabilidad desconocida. -- [S.l., s. f. S. XVI]. -- 7 ff. (Una col., 8 líneas por pág.) : papel ; 16,7 x 11,2 cms. (caja: 12 x 7 cm). -- Tinta negra para el ductus, roja para la vocalización y amarilla para resaltar palabras.</subfield>
          </datafield>
          <datafield tag="501" ind1=" " ind2=" ">
            <subfield code="a">[Cont. fragmento B]:</subfield>
          </datafield>
          <datafield tag="501" ind1=" " ind2=" ">
            <subfield code="a">Incipit: اَيُّهَااَلنَّبِىُ وَرَحْمَةُ اَللهِ وَبَرَكَاتُهُ اَلسَّلَامُ عَلَيْنَا رَعَلَى عِبَادِ اِللهِ</subfield>
          </datafield>
          <datafield tag="501" ind1=" " ind2=" ">
            <subfield code="a">Explicit: دَيُنُ اَشَايْشْ دَاذُلْحِجَّ دَيُنُ اَنُّوَابَا ذَاذُلْحجَّ ءَالْدِيَ ذَا عَرَفَ</subfield>
          </datafield>
          <datafield tag="501" ind1=" " ind2=" ">
            <subfield code="a">[Cont. fragmento B]:</subfield>
          </datafield>
          <datafield tag="501" ind1=" " ind2=" ">
            <subfield code="a">Copista: Desconocido. -- Colofón: No. -- Características especiales: Capítulos divididos por rayas horizontales. -- Ilustración: No. -- Ilustraciones: Excepcionalmente, figura triangular. -- Tipo de cuaderno: Cuaternión. -- Deterioros: Suciedad del papel, esquinas deturpadas, manchas de humedad, galerías de insectos. -- H. en blanco ; H. dañadas, mutiladas, sueltas: No. -- H. faltan o añadidas: Falta última hoja del cuaderno. -- Foliación: 69-75. Moderna, a lápiz, en el margen derecho del vuelto de cada folio. -- Reclamos, Signatura cuaderno: No. -- Pautado: No se aprecia. -- Filigrana: Papel verjurado sin filigrana aparente. -- Anotaciones: En el margen, pruebas caligráficas y de pluma. En 75v, se añade pequeño texto en romance en caracteres latinos sobre las lunas.</subfield>
          </datafield>
          <datafield tag="501" ind1=" " ind2=" ">
            <subfield code="a">[Fragmento C]:</subfield>
          </datafield>
          <datafield tag="501" ind1=" " ind2=" ">
            <subfield code="a">Título: Capítulos y narraciones de índole religiosa / responsabilidad desconocida. -- [S.l., s. f. S. XVI]. -- 32 ff. (Una col., entre 13 y 18 líneas por pág.) : papel ; Oscila entre 15,5 x 10,5 cms y 14,2 x 10 cms (caja: 13 x 8 y 12,1 x 8 cm.). -- Tinta marrón oscura.</subfield>
          </datafield>
          <datafield tag="501" ind1=" " ind2=" ">
            <subfield code="a">[Cont. fragmento C]:</subfield>
          </datafield>
          <datafield tag="501" ind1=" " ind2=" ">
            <subfield code="a">Incipit: فُوَارَّكُنْتَدُ بُّرْءَالَنِّبِي مُحَمَّد صعم كَالْدِيشُ لُشْمَاجُرَاشْدِيَشْدَاتُدُ</subfield>
          </datafield>
          <datafield tag="501" ind1=" " ind2=" ">
            <subfield code="a">Explicit: اِدِيشُ صعم لَبَّلَبْرَ كَامَشْ اَبَشَرَءَالْبَّاشُدَالَشْ</subfield>
          </datafield>
          <datafield tag="501" ind1=" " ind2=" ">
            <subfield code="a">[Cont. fragmento C]:</subfield>
          </datafield>
          <datafield tag="501" ind1=" " ind2=" ">
            <subfield code="a">Copista: Desconocido. -- Colofón ; Ilustración: No. -- Ilustraciones: Manecillas. -- Tipo de cuaderno: Binión, cuaternión, quinión y hojas sueltas cosidas directamente a la encuadernación. -- Deterioros: Cortes muy deteriorados. Galerías de insectos fitófagos, que afecta a la buena lectura del texto de los últimos tres folios. Suciedad de papel. Tinta metalogálica. -- H. en blanco ; H. dañadas, mutiladas, sueltas: No. -- H. faltan o añadidas: Al menos, el resto del último cuaderno. -- Foliación: 76-108. Moderna, a lápiz, en el margen derecho del vuelto de cada folio. -- Reclamos, Signatura cuaderno ; Pautado: No. -- Filigrana: Esfera con corona. -- Anotaciones: En los márgenes, para corregir texto inicial o señalar algún pasaje. De otra mano, pruebas caligráficas.</subfield>
          </datafield>
          <datafield tag="501" ind1=" " ind2=" ">
            <subfield code="a">[Fragmento D]:</subfield>
          </datafield>
          <datafield tag="501" ind1=" " ind2=" ">
            <subfield code="a">Título: Capítulos y narraciones de índole religiosa / responsabilidad desconocida. -- [S.l., s. f. S. XVI]. -- 9 ff. (Una col., 7 líneas por pág.) : papel ; 12,8 x 8,4 cms (caja: 9 x 6,5 cm). -- Tinta marrón oscura.</subfield>
          </datafield>
          <datafield tag="501" ind1=" " ind2=" ">
            <subfield code="a">[Cont. fragmento D]:</subfield>
          </datafield>
          <datafield tag="501" ind1=" " ind2=" ">
            <subfield code="a">Incipit: فُوَارَّكُنْتَدُ بُّرْءَالَنِّبِي مُحَمَّد صعم كَالْدِيشُ لُشْمَاجُرَاشْدِيَشْدَاتُدُ</subfield>
          </datafield>
          <datafield tag="501" ind1=" " ind2=" ">
            <subfield code="a">Explicit: اِبَارْدَد اِبَّلَبْرَدَا [...] شَانُرِرْ اللهْ فَلشِمَا يَا شُ [...]</subfield>
          </datafield>
          <datafield tag="501" ind1=" " ind2=" ">
            <subfield code="a">[Cont. fragmento D]:</subfield>
          </datafield>
          <datafield tag="501" ind1=" " ind2=" ">
            <subfield code="a">Copista: Desconocido. Varias manos. -- Colofón: No. -- Características especiales: Hoja 117 pegada sobre otra, externa al códice. -- Ilustración: No. -- Ilustraciones: Cenefas y motivos geométricos. -- Tipo de cuaderno: Quinión. -- Deterioros: Galerías de insectos fitófagos, que afectan especialmente a los primeros folios. Manchas de pegamento y tinta. -- H. en blanco ; H. dañadas, mutiladas, sueltas: No. -- H. faltan o añadidas: Falta la primera hoja del cuaderno y materiales posteriores. -- Foliación: 109-117. Moderna, a lápiz, en el margen derecho del vuelto de cada folio. -- Reclamos ; Signatura cuaderno: No. -- Pautado: En f. 117r, a lápiz negro. -- Filigrana: Fragmento de esfera. -- Anotaciones: No.</subfield>
          </datafield>
          <datafield tag="501" ind1=" " ind2=" ">
            <subfield code="a">[Fragmento E]:</subfield>
          </datafield>
          <datafield tag="501" ind1=" " ind2=" ">
            <subfield code="a">Título: Oraciones e invocaciones / responsabilidad desconocida. -- [S.l., s. f. S. XVI]. -- 5 ff. (Una col., entre 9 y 15 líneas por pág.) : papel ; 13,2 x 8 cms (caja: 10 x 6,5 cm). -- Tinta marrón oscura.</subfield>
          </datafield>
          <datafield tag="501" ind1=" " ind2=" ">
            <subfield code="a">[Cont. fragmento E]:</subfield>
          </datafield>
          <datafield tag="501" ind1=" " ind2=" ">
            <subfield code="a">Incipit: دَابُّوَاشْ دَالَلِقَمَدِرَشْ ءَاشْتُ. لَا اِلَهَ اِلَّا اَللهُ وَحَدَهُ</subfield>
          </datafield>
          <datafield tag="501" ind1=" " ind2=" ">
            <subfield code="a">Explicit: مَنْدُبَّارْدُنْ اَدَ اَلله بُّرْ [...] بَّر مِبَّدْرَا اِمِمَذْرَااِبُرْ . prácticamente ,Incompleto ilegible</subfield>
          </datafield>
          <datafield tag="501" ind1=" " ind2=" ">
            <subfield code="a">[Cont. fragmento E]:</subfield>
          </datafield>
          <datafield tag="501" ind1=" " ind2=" ">
            <subfield code="a">Copista: Desconocido. Varias manos. -- Colofón ; Características especiales ; Ilustración: No. -- Ilustraciones: Cenefa. -- Tipo de cuaderno: Ternión. -- Deterioros: Galerías de insectos fitófagos, que afectan especialmente a los primeros folios. Manchas de pegamento y tinta. -- H. en blanco ; H. dañadas, mutiladas, sueltas : No. -- H faltan o añadidas: Resto de cuaderno mayor, o faltan cuadernos antes y después. -- Foliación: 118r-122v. Moderna, a lápiz, en el margen derecho del vuelto de cada folio. -- Reclamos ; Signatura cuaderno: No. -- Pautado: En f. 118v, a lápiz negro. -- Filigrana: Papel verjurado sin filigrana aparente. -- Anotaciones: No.</subfield>
          </datafield>
          <datafield tag="501" ind1=" " ind2=" ">
            <subfield code="a">[Fragmento F]:</subfield>
          </datafield>
          <datafield tag="501" ind1=" " ind2=" ">
            <subfield code="a">Título: Oraciones e invocaciones / responsabilidad desconocida. -- [S.l., s. f. S. XVI]. -- 8 ff. (Una col., entre 11 y 16 líneas por pág.) : papel ; 13 x 8,8 cms. (caja: 10,1 x 6,8 cm). -- Tinta marrón oscura.</subfield>
          </datafield>
          <datafield tag="501" ind1=" " ind2=" ">
            <subfield code="a">[Cont. fragmento F]:</subfield>
          </datafield>
          <datafield tag="501" ind1=" " ind2=" ">
            <subfield code="a">Incipit: اَلَلّهُمَّ صَلِي عَلَى مُحَمَّدٍ اِلنَّبِي .ِاِلُمِي وَعَلَى .َالِّهِ</subfield>
          </datafield>
          <datafield tag="501" ind1=" " ind2=" ">
            <subfield code="a">Explicit: اِلَشْذُشَ [...] كَشْ دَالْدَاِشْبِدِمِيَانْتُدَااَرَمَضَنْ شُنْدَاشْ</subfield>
          </datafield>
          <datafield tag="501" ind1=" " ind2=" ">
            <subfield code="a">[Cont. fragmento F]:</subfield>
          </datafield>
          <datafield tag="501" ind1=" " ind2=" ">
            <subfield code="a">Copista: Desconocido. Varias manos. -- Colofón ; Características especiales ; Ilustración: No. -- Ilustraciones: Cerezas y tres puntos en forma de pirámide. -- Tipo de cuaderno: Cuaternión. -- Deterioros: Galerías de insectos fitófagos. -- H. en blanco ; H. dañadas, mutiladas, sueltas: No. -- H faltan o añadidas: Resto de cuaderno mayor, o faltan cuadernos antes y después. -- Foliación: 123-130. Moderna, a lápiz, en el margen derecho del vuelto de cada folio. -- Reclamos ; Signatura cuaderno: No. -- Pautado: En f. 123r-v, a lápiz negro. -- Filigrana: Papel verjurado sin filigrana aparente. -- Anotaciones: No.</subfield>
          </datafield>
          <datafield tag="501" ind1=" " ind2=" ">
            <subfield code="a">[Fragmento G]:</subfield>
          </datafield>
          <datafield tag="501" ind1=" " ind2=" ">
            <subfield code="a">Título: Oraciones y narraciones / responsabilidad desconocida. -- [S.l., s. f. S. XVI]. -- 4 ff. (Una col., entre 11 y 18 líneas por pág.) : papel ; 13,8 x 9 cms (caja: 11,6 x 6,8 cm.). -- Tinta marrón oscura.</subfield>
          </datafield>
          <datafield tag="501" ind1=" " ind2=" ">
            <subfield code="a">[Cont. fragmento G]:</subfield>
          </datafield>
          <datafield tag="501" ind1=" " ind2=" ">
            <subfield code="a">Incipit: كُوَنْدُ اَكَبَرَا يْش دَاكُمَارْ دَرَايْشْ لَشْلُرَاشْ اَدَ اَللهْ</subfield>
          </datafield>
          <datafield tag="501" ind1=" " ind2=" ">
            <subfield code="a">Explicit: بَّغَانْ ءَانْبُّرُبِشِيُنْ اُشُشْ بَلِيَشْ شِنُتِيَانَا بُّرُبِشِيُنْ</subfield>
          </datafield>
          <datafield tag="501" ind1=" " ind2=" ">
            <subfield code="a">[Cont. fragmento G]:</subfield>
          </datafield>
          <datafield tag="501" ind1=" " ind2=" ">
            <subfield code="a">Copista: Desconocido. Varias manos. -- Colofón ; Características especiales ; Ilustración: No. -- Ilustraciones: Cerezas y tres puntos en forma de pirámide. -- Tipo de cuaderno: Binión. -- Deterioros: Galerías de insectos fitófagos. -- H. en blanco ; H. dañadas, mutiladas, sueltas: No. -- H faltan o añadidas: Imposible de identificar. -- Foliación: 131-134. Moderna, a lápiz, en el margen derecho del vuelto de cada folio. -- Reclamos ; Signatura cuaderno: No. -- Pautado: Inapreciable. -- Filigrana: No identificada. -- Anotaciones: No.</subfield>
          </datafield>
          <datafield tag="501" ind1=" " ind2=" ">
            <subfield code="a">[Fragmento H]:</subfield>
          </datafield>
          <datafield tag="501" ind1=" " ind2=" ">
            <subfield code="a">Título: Oraciones y narraciones / responsabilidad desconocida. -- [S.l., s. f. S. XVI]. -- 16 ff. (Una col., entre 14 y 16 líneas por pág.) : papel ; 17 x 11 cms (caja: 12,5 x 8,5 cm.). -- Tinta marrón oscura.</subfield>
          </datafield>
          <datafield tag="501" ind1=" " ind2=" ">
            <subfield code="a">[Cont. fragmento H]:</subfield>
          </datafield>
          <datafield tag="501" ind1=" " ind2=" ">
            <subfield code="a">Incipit: مبراكافيه وصل الله على خلتم رسلم [...] رنبيه وعلى اهله وسلم</subfield>
          </datafield>
          <datafield tag="501" ind1=" " ind2=" ">
            <subfield code="a">Explicit: ءَانْشُ بَّارْشُنَ ءَاشْكِرِبَالَا اَللهْ سِيَانْتُ اِبَايتَااِكُوَاتْرُ [...] نَشْ. اِكِيَانْ [...]</subfield>
          </datafield>
          <datafield tag="501" ind1=" " ind2=" ">
            <subfield code="a">[Cont. fragmento H]:</subfield>
          </datafield>
          <datafield tag="501" ind1=" " ind2=" ">
            <subfield code="a">Copista: Desconocido. Varias manos. -- Colofón: No. -- Características especiales: Texto árabe de 135r sin vocalizar. -- Ilustración: No. -- Ilustraciones: Tres puntos en forma de pirámide y cenefas. -- Tipo de cuaderno: De 12 bifolios. -- Deterioros: Galerías de insectos fitófagos, óxido, cortes muy deteriorados. -- H. en blanco ; H. dañadas, mutiladas, sueltas: No. -- H faltan o añadidas: Falta al menos el bifolio exterior, y los folios entre: 139-140, 140-141, 144-145, 145-146, 146-147 (2). -- Foliación: 135-150. Moderna, a lápiz, en el margen derecho del vuelto de cada folio. -- Reclamos ; Signatura cuaderno: No. -- Pautado: Inapreciable. -- Filigrana: Mano con estrella. -- Anotaciones: Anotaciones en el margen superior.</subfield>
          </datafield>
          <datafield tag="510" ind1="3" ind2=" ">
            <subfield code="a">Descripción: Julián Ribera y Miguel Asín, Manuscritos árabes y aljamiados de la Biblioteca de la Junta, Madrid, Junta para Ampliación de Estudios e Investigaciones Científicas, 1912, pp. 129-130. [Fragmento A, B, C, D, E, F, G, H]</subfield>
          </datafield>
          <datafield tag="510" ind1="4" ind2=" ">
            <subfield code="a">Bibliografía: Alfredo Mateos y Juan Carlos Villaverde (eds.), Memoria de los moriscos. Escritos y relatos de una diáspora cultural, Madrid, SECC, 2010, pp. 174-176 (reproducción, pp. 174, 175). [Fragmento D]</subfield>
          </datafield>
          <datafield tag="520" ind1=" " ind2=" ">
            <subfield code="a">[Fragmento A]: 1v-68v. [Capítulos y narraciones de índole religiosa.]</subfield>
          </datafield>
          <datafield tag="520" ind1=" " ind2=" ">
            <subfield code="a">[Fragmento B]: 69r-75v. [Oraciones.]</subfield>
          </datafield>
          <datafield tag="520" ind1=" " ind2=" ">
            <subfield code="a">[Fragmento C]: 76r-108v. [Capítulos y narraciones de índole religiosa.] Ápodo.</subfield>
          </datafield>
          <datafield tag="520" ind1=" " ind2=" ">
            <subfield code="a">[Fragmento D]: 109-117v. [Capítulos y narraciones de índole religiosa.] Acéfalo y ápodo.</subfield>
          </datafield>
          <datafield tag="520" ind1=" " ind2=" ">
            <subfield code="a">[Fragmento E]: 118r-122v. [Oraciones e invocaciones.] Acéfalo y ápodo.</subfield>
          </datafield>
          <datafield tag="520" ind1=" " ind2=" ">
            <subfield code="a">[Fragmento F]: 123r-130v. [Oraciones e invocaciones.] Acéfalo y ápodo.</subfield>
          </datafield>
          <datafield tag="520" ind1=" " ind2=" ">
            <subfield code="a">[Fragmento G]: 131r-134v. [Oraciones y narraciones.]</subfield>
          </datafield>
          <datafield tag="520" ind1=" " ind2=" ">
            <subfield code="a">[Fragmento H]: 135r-150v. [Oraciones y narraciones.]</subfield>
          </datafield>
          <datafield tag="530" ind1=" " ind2=" ">
            <subfield code="a">María Pilar Martínez Olmo, Colección de manuscritos árabes y aljamiados de la Biblioteca del Instituto de Filología del CSIC [recurso electrónico]: los manuscritos de la Junta, Madrid, CSIC, 1998, 4 Cd-Rom. [Fragmento A, B, C, D, E, F, G, H]</subfield>
          </datafield>
          <datafield tag="541" ind1=" " ind2=" ">
            <subfield code="a">Procedencia: Almonacid de la Sierra.</subfield>
            <subfield code="d">Ingreso: Junio de 1910. [Fragmento A, B, C, E, F, G, H]</subfield>
          </datafield>
          <datafield tag="546" ind1=" " ind2=" ">
            <subfield code="a">Aljamía y árabe</subfield>
            <subfield code="b">con escritura magrebí [Fragmento A, C, D, E, F, G, H]</subfield>
          </datafield>
          <datafield tag="546" ind1=" " ind2=" ">
            <subfield code="a">Árabe</subfield>
            <subfield code="b">con escritura magrebí [Fragmento B]</subfield>
          </datafield>
          <datafield tag="563" ind1=" " ind2=" ">
            <subfield code="a">Original, al menos parece coetánea, con decoración de hierros. Muy deteriorada, especialmente la contracubierta. [Fragmento A, B, C, D, E, F, G, H]</subfield>
          </datafield>
          <datafield tag="650" ind1=" " ind2="7">
            <subfield code="a">Manuscritos árabes.</subfield>
            <subfield code="2">CSICAU</subfield>
          </datafield>
          <datafield tag="650" ind1=" " ind2="7">
            <subfield code="a">Manuscritos aljamiados.</subfield>
            <subfield code="2">CSICAU</subfield>
          </datafield>
          <datafield tag="650" ind1=" " ind2="7">
            <subfield code="a">Islam.</subfield>
            <subfield code="2">CSICAU</subfield>
          </datafield>
          <datafield tag="730" ind1="0" ind2=" ">
            <subfield code="a">Capítulos y narraciones de índole religiosa.</subfield>
          </datafield>
          <datafield tag="730" ind1="0" ind2=" ">
            <subfield code="a">Oraciones</subfield>
          </datafield>
          <datafield tag="730" ind1="0" ind2=" ">
            <subfield code="a">Capítulos y narraciones de índole religiosa.</subfield>
          </datafield>
          <datafield tag="730" ind1="0" ind2=" ">
            <subfield code="a">Oraciones e invocaciones.</subfield>
          </datafield>
          <datafield tag="730" ind1="0" ind2=" ">
            <subfield code="a">Oraciones y narraciones</subfield>
          </datafield>
          <datafield tag="830" ind1=" " ind2="0">
            <subfield code="a">Manuscripta</subfield>
          </datafield>
          <datafield tag="856" ind1="4" ind2="1">
            <subfield code="u">http://aleph.csic.es/imagenes/mad01/0006_PMSC/P_001227561_650972_V00.pdf</subfield>
            <subfield code="z">Descargar Pdf completo (32M)</subfield>
            <subfield code="m">CSIC</subfield>
          </datafield>
          <datafield tag="856" ind1="4" ind2="1">
            <subfield code="u">http://aleph.csic.es/imagenes/mad01/0006_PMSC/html/001227561.html</subfield>
            <subfield code="z">Ver texto completo en Bookreader</subfield>
          </datafield>
          <datafield tag="856" ind1="4" ind2="1">
            <subfield code="u">http://simurg.csic.es/view/276538</subfield>
            <subfield code="z">Acceso a la versión digitalizada en Simurg</subfield>
          </datafield>
          <datafield tag="040" ind1=" " ind2=" ">
            <subfield code="a">ES-MaCSI</subfield>
            <subfield code="b">spa</subfield>
          </datafield>
        </record>
      </metadata>
    </record>