
    <record>
      <header>
        <identifier>oai:alma.34CSIC_INST:990013488050204201</identifier>
        <datestamp>2022-07-01T05:01:55Z</datestamp>
        <setSpec>manuscripta</setSpec>
        <setSpec>csic-bibliografico</setSpec>
      </header>
      <metadata>
        <record xmlns="http://www.loc.gov/MARC21/slim" xmlns:xsi="http://www.w3.org/2001/XMLSchema-instance" xsi:schemaLocation="http://www.loc.gov/MARC21/slim http://www.loc.gov/standards/marcxml/schema/MARC21slim.xsd">
          <leader>10091ntm a2200721 i 4500</leader>
          <controlfield tag="005">20220609123403.0</controlfield>
          <controlfield tag="008">100705s1500585               000 0 ara d</controlfield>
          <controlfield tag="001">990013488050204201</controlfield>
          <datafield tag="035" ind1=" " ind2=" ">
            <subfield code="a">CSIC001348805</subfield>
          </datafield>
          <datafield tag="035" ind1=" " ind2=" ">
            <subfield code="a">(ES-MaCSI)001348805MAD01-Aleph</subfield>
          </datafield>
          <datafield tag="100" ind1="1" ind2=" ">
            <subfield code="a">Būšanŷī, al-Hayṣam b. Muḥammad al-</subfield>
            <subfield code="d">(s. XI).</subfield>
          </datafield>
          <datafield tag="245" ind1="1" ind2="0">
            <subfield code="a">قصص القران </subfield>
            <subfield code="b">: بدئ الخلق وقصص الانبياء /</subfield>
            <subfield code="h">[Manuscrito]</subfield>
            <subfield code="c"> ابو الحسن الهيْصَم بن محمد بوشنجي.</subfield>
          </datafield>
          <datafield tag="260" ind1=" " ind2=" ">
            <subfield code="c">[A partir de 15..].</subfield>
          </datafield>
          <datafield tag="300" ind1=" " ind2=" ">
            <subfield code="a">123 f. con guardas al principio y al final del volumen ;</subfield>
            <subfield code="c">24 x 17 cm (caja: 19 x 12 cm).</subfield>
          </datafield>
          <datafield tag="490" ind1="1" ind2=" ">
            <subfield code="a">Manuscripta</subfield>
          </datafield>
          <datafield tag="546" ind1=" " ind2=" ">
            <subfield code="a">Arabe</subfield>
            <subfield code="b">Escritura nasjí oriental</subfield>
          </datafield>
          <datafield tag="500" ind1=" " ind2=" ">
            <subfield code="a">Título transliterado: Qiṣaṣ al-Qurʼān : badʼ al-jalq wa-qiṣaṣ al-anbiyāʼ</subfield>
          </datafield>
          <datafield tag="500" ind1=" " ind2=" ">
            <subfield code="a">Distribución: 1 col. 25 líneas por página excepto la 1v que tiene 22.</subfield>
          </datafield>
          <datafield tag="500" ind1=" " ind2=" ">
            <subfield code="a">Material: Papel</subfield>
          </datafield>
          <datafield tag="500" ind1=" " ind2=" ">
            <subfield code="a">Tinta: Negra y roja</subfield>
          </datafield>
          <datafield tag="500" ind1=" " ind2=" ">
            <subfield code="a">‪Incipit: ‫(بعد البسملة والتصلية) الحمدُ لله خَالق الخلق وَالانام ومُدبّر الليَالى وَالابام ومحمد قايد الاسلام افضَل التحبة والسَّلام وعَلى اله الزهْر الكرام قال الاستاذ الامام ابو الحسن الهيْصَم بن محمد رَحمهُ الله قد كتب لقنت بعض الاصحاب موجزا من ذكر قصص القران باسْتدعَائِهم ذلك وتلقنوها عنى وعلقوها على حسب عباراتهم</subfield>
          </datafield>
          <datafield tag="500" ind1=" " ind2=" ">
            <subfield code="a">‪Explicit: فراى داود فحمل عليه وعرف انه لم يَقتله اَو احيَاه الله عز وجَل فهربَ منه دَاود فلم يلحقه طالوت ثم انّ داودَ انطلق الى مَدِينة بَعِيدة مِن طالوت</subfield>
          </datafield>
          <datafield tag="500" ind1=" " ind2=" ">
            <subfield code="a">Lugar de escritura: No consta</subfield>
          </datafield>
          <datafield tag="500" ind1=" " ind2=" ">
            <subfield code="a">Copista: Al-Maʽṭī (en el f. 1r no hemos podido identificar la primera palabra del nombre del copista)</subfield>
          </datafield>
          <datafield tag="500" ind1=" " ind2=" ">
            <subfield code="a">Fecha aproximada a partir de las investigaciones de los doctores Sonsoles González García, Domingo Campillo García y Teresa Espejo Arias, publicadas en la revista Al-qantara, v. 38,1 (enero-junio 2017), p. 99-111. La datación del manuscrito hasta la publicación de este trabajo estaba tomada de los catálogos de Almagro Cárdenas (1899) y Castillo Castillo (1984): año 1190 C.</subfield>
          </datafield>
          <datafield tag="500" ind1=" " ind2=" ">
            <subfield code="a">‪Colofón: No consta</subfield>
          </datafield>
          <datafield tag="500" ind1=" " ind2=" ">
            <subfield code="a">Características especiales: Texto vocalizado parcialmente</subfield>
          </datafield>
          <datafield tag="500" ind1=" " ind2=" ">
            <subfield code="a">Ilustración: No</subfield>
          </datafield>
          <datafield tag="500" ind1=" " ind2=" ">
            <subfield code="a">Ilustraciones: Las aleyas coránicas se marcan en tinta roja, mientras que, los epígrafes aparecen en un trazo mucho más grande y alargado en tinta negra y escasa vez en tinta roja.</subfield>
          </datafield>
          <datafield tag="500" ind1=" " ind2=" ">
            <subfield code="a">Filigranas: Círculo con puño ; Campana ; Trébol con TP</subfield>
          </datafield>
          <datafield tag="500" ind1=" " ind2=" ">
            <subfield code="a">Tipo de cuaderno: No se pueden contar los cuadernos, porque se han desunido los folios y deshecho los cuadernos.</subfield>
          </datafield>
          <datafield tag="500" ind1=" " ind2=" ">
            <subfield code="a">Deterioros: Buen estado del texto. La encuadernación muy deteriorada, los folios se han desencuadernado y descosido. - Además se advierte en algunos folios arrugas, manchas, pliegues y degradaciones leves de tinta que no afectan al texto.</subfield>
          </datafield>
          <datafield tag="500" ind1=" " ind2=" ">
            <subfield code="a">H en blanco: El 1r después del de la guarda, el 213r-v que debió de ser el de la guarda del final y tres folios añadidos al final.</subfield>
          </datafield>
          <datafield tag="500" ind1=" " ind2=" ">
            <subfield code="a">H dañadas, mutiladas, sueltas: Sueltas: Casi todos los folios del volumen se han descosido.</subfield>
          </datafield>
          <datafield tag="500" ind1=" " ind2=" ">
            <subfield code="a">H faltan o añadidas: 92 H faltan: del folio 121 al 212 ambos incluidos. 3 H añadidos: 3 folios en blanco al final del volumen.</subfield>
          </datafield>
          <datafield tag="500" ind1=" " ind2=" ">
            <subfield code="a">Foliación: Foliación original en números hindi. Los folios 80 y 81 también aparecen numerados en arábigo en bolígrafo de tinta azul.</subfield>
          </datafield>
          <datafield tag="500" ind1=" " ind2=" ">
            <subfield code="a">Reclamos: Reclamos en tinta negra en el margen inferior izquierdo de todos los folios verso, aunque no se aprecie bien en muchos de ellos.</subfield>
          </datafield>
          <datafield tag="500" ind1=" " ind2=" ">
            <subfield code="a">Sign. cuad.: No</subfield>
          </datafield>
          <datafield tag="500" ind1=" " ind2=" ">
            <subfield code="a">Pautado: Punta seca (casi inapreciable). Líneas rectrices con una regularidad de 8 mm.</subfield>
          </datafield>
          <datafield tag="500" ind1=" " ind2=" ">
            <subfield code="a">Filigrana: Cartela rectangular cuyo interior alberga una flor de cuatro pétalos y letras en mayúscula que son difíciles de identificar. La cartela está rematada con una corona de tres picos y debajo de ella hay un racimo de uvas invertido.</subfield>
          </datafield>
          <datafield tag="563" ind1=" " ind2=" ">
            <subfield code="a">Encuadernación: Cartera con solapa de cierre en piel marrón sobre cartón con mosaico en piel verde y decoración repujada de tipo geométrica y floral.</subfield>
          </datafield>
          <datafield tag="541" ind1=" " ind2=" ">
            <subfield code="a">Procedencia: Universidad de Granada, Facultad de Letras.</subfield>
          </datafield>
          <datafield tag="541" ind1=" " ind2=" ">
            <subfield code="a">Ingreso: No consta</subfield>
          </datafield>
          <datafield tag="500" ind1=" " ind2=" ">
            <subfield code="a">Signatura antigua: VOL. VI; A-5-5; n º 1.</subfield>
          </datafield>
          <datafield tag="500" ind1=" " ind2=" ">
            <subfield code="a">Anotaciones: Anotaciones marginales no muy frecuentes en tinta negra y únicamente una en tinta roja. Antiguo sello de la Facultad de Filosofía y Letras de la Universidad de Granada en los folios 1r y la 213v del volumen. Además, un sello sin identificar en el margen inferior izquierdo del folio 2r, que se asemeja a los sellos de los anillos.</subfield>
          </datafield>
          <datafield tag="581" ind1=" " ind2=" ">
            <subfield code="a">Descripción: Almagro Cárdenas, A., Catálogo de los manuscritos árabes que se conservan en la Universidad de Granada, Granada, 1899, 17.- Catálogo de la Exposición celebrada con motivo del cincuentenario: 1932-1982, Granada, 1982, 16 .- Castillo Castillo, C., “Manuscritos arábigos que se conservan en la Escuela de Estudios Árabes de Granada”, Cuadernos de historia del Islam 11 (1984), 220. - González García, Sonsoles. Estudio de las encuadernaciones originales datadas de la colección de manuscritos de la Biblioteca de la Escuela de Estudios Árabes de Granada. Granada, 2010. - González García, Sonsoles. Estudio de las encuadernaciones originales datadas de la colección de manuscritos árabes de la Biblioteca de la Escuela de Estudios Árabes de Granada : tesis doctoral, Granada, 2014. - González García, Sonsoles; Campillo García, Domingo ; Espejo Arias, Teresa. "Novedades sobre la datación de los manuscritos árabes de la Escuela de Estudios Árabes de Granada", Al-qantara 38,1 (enero-junio 2017), 99-111</subfield>
          </datafield>
          <datafield tag="530" ind1=" " ind2=" ">
            <subfield code="a">Otros soportes: No</subfield>
          </datafield>
          <datafield tag="581" ind1=" " ind2=" ">
            <subfield code="a">Edición: No</subfield>
          </datafield>
          <datafield tag="510" ind1="4" ind2=" ">
            <subfield code="a">Catálogo de los manuscritos árabes que se conservan en la Universidad de Granada</subfield>
            <subfield code="c">p. 17</subfield>
          </datafield>
          <datafield tag="510" ind1="4" ind2=" ">
            <subfield code="a">Catálogo de la Exposición celebrada con motivo del cincuentenario: 1932-1982</subfield>
            <subfield code="c">p. 16</subfield>
          </datafield>
          <datafield tag="510" ind1="4" ind2=" ">
            <subfield code="a">Manuscritos arábigos que se conservan en la Escuela de Estudios Árabes de Granada</subfield>
            <subfield code="a">p. 220</subfield>
          </datafield>
          <datafield tag="510" ind1="4" ind2=" ">
            <subfield code="a">Novedades sobre la datación de los manuscritos árabes de la Escuela de Estudios Árabes de Granada</subfield>
            <subfield code="c">p. 103-104</subfield>
          </datafield>
          <datafield tag="520" ind1="2" ind2=" ">
            <subfield code="a">Contenido: Kitāb Qiṣaṣ al-Qurʼān [Incompleto y ápodo]</subfield>
          </datafield>
          <datafield tag="630" ind1="0" ind2="7">
            <subfield code="a">Corán.</subfield>
            <subfield code="2">CSICAU</subfield>
          </datafield>
          <datafield tag="650" ind1=" " ind2="7">
            <subfield code="a">Profetas (Islam)</subfield>
            <subfield code="v">Manuscritos.</subfield>
            <subfield code="2">CSICAU</subfield>
          </datafield>
          <datafield tag="650" ind1=" " ind2="7">
            <subfield code="a">Escatología islámica</subfield>
            <subfield code="v">Manuscritos.</subfield>
            <subfield code="2">CSICAU</subfield>
          </datafield>
          <datafield tag="700" ind1="1" ind2=" ">
            <subfield code="a">Maʽṭī, al-,</subfield>
            <subfield code="e">cop.</subfield>
          </datafield>
          <datafield tag="740" ind1="0" ind2=" ">
            <subfield code="a">Qiṣaṣ al-Qurʼān : badʼ al-jalq wa-qiṣaṣ al-anbiyāʼ</subfield>
          </datafield>
          <datafield tag="830" ind1=" " ind2="0">
            <subfield code="a">Manuscripta</subfield>
          </datafield>
          <datafield tag="856" ind1="4" ind2="1">
            <subfield code="u">http://aleph.csic.es/imagenes/mad01/0006_PMSC/P_001348805_780999_V00.pdf</subfield>
            <subfield code="z">Descargar Pdf completo (35M)</subfield>
            <subfield code="m">CSIC</subfield>
          </datafield>
          <datafield tag="856" ind1="4" ind2="1">
            <subfield code="u">http://aleph.csic.es/imagenes/mad01/0006_PMSC/html/001348805.html</subfield>
            <subfield code="z">Ver texto completo en Bookreader</subfield>
          </datafield>
          <datafield tag="856" ind1="4" ind2="1">
            <subfield code="u">http://simurg.csic.es/view/290421</subfield>
            <subfield code="z">Acceso a la versión digitalizada en Simurg</subfield>
          </datafield>
          <datafield tag="040" ind1=" " ind2=" ">
            <subfield code="a">ES-MaCSI</subfield>
            <subfield code="b">spa</subfield>
          </datafield>
        </record>
      </metadata>
    </record>