
    <record>
      <header>
        <identifier>oai:alma.34CSIC_INST:990012316620204201</identifier>
        <datestamp>2022-07-01T05:01:55Z</datestamp>
        <setSpec>manuscripta</setSpec>
        <setSpec>csic-bibliografico</setSpec>
      </header>
      <metadata>
        <record xmlns="http://www.loc.gov/MARC21/slim" xmlns:xsi="http://www.w3.org/2001/XMLSchema-instance" xsi:schemaLocation="http://www.loc.gov/MARC21/slim http://www.loc.gov/standards/marcxml/schema/MARC21slim.xsd">
          <leader>11180ntm a2200661 i 4500</leader>
          <controlfield tag="005">20220609123403.0</controlfield>
          <controlfield tag="008">100504q1uuu    xx            000 0 ara d</controlfield>
          <controlfield tag="001">990012316620204201</controlfield>
          <datafield tag="035" ind1=" " ind2=" ">
            <subfield code="a">CSIC001231662</subfield>
          </datafield>
          <datafield tag="035" ind1=" " ind2=" ">
            <subfield code="a">(ES-MaCSI)001231662MAD01-Aleph</subfield>
          </datafield>
          <datafield tag="035" ind1=" " ind2=" ">
            <subfield code="a">(OCoLC)1123837193</subfield>
          </datafield>
          <datafield tag="080" ind1=" " ind2=" ">
            <subfield code="a">091(=411.21)</subfield>
          </datafield>
          <datafield tag="080" ind1=" " ind2=" ">
            <subfield code="a">821.411.21-1</subfield>
          </datafield>
          <datafield tag="080" ind1=" " ind2=" ">
            <subfield code="a">94(=411.21)+28-9</subfield>
          </datafield>
          <datafield tag="245" ind1="1" ind2="0">
            <subfield code="a">[Manuscrito Árabe, Miscelánea]</subfield>
            <subfield code="h">[Manuscrito]</subfield>
          </datafield>
          <datafield tag="260" ind1=" " ind2=" ">
            <subfield code="a">[S.l.],</subfield>
            <subfield code="c">[s.a.].</subfield>
          </datafield>
          <datafield tag="300" ind1=" " ind2=" ">
            <subfield code="a">v. ;</subfield>
            <subfield code="c">cm.</subfield>
          </datafield>
          <datafield tag="490" ind1="0" ind2=" ">
            <subfield code="a">Manuscripta</subfield>
          </datafield>
          <datafield tag="500" ind1=" " ind2=" ">
            <subfield code="a">Escuela de Estudios Árabes de Madrid. Signatura antigua: AEEA, Caja 30</subfield>
          </datafield>
          <datafield tag="501" ind1=" " ind2=" ">
            <subfield code="a">[Parte 3]:</subfield>
          </datafield>
          <datafield tag="501" ind1=" " ind2=" ">
            <subfield code="a">Título: [Resumen del Bahŷat al-maŷālis wa uns al-muŷālis] / responsabilidad no consta. -- [S.l.] , [s.f.]. -- 40 de159 ff., y 2 de guardas (1 col. 23 líneas por pág.) : Papel tratado ; 19,9x14,5 cm. Caja: 14,9x9,1 cm. -- Tinta negra y roja.</subfield>
          </datafield>
          <datafield tag="501" ind1=" " ind2=" ">
            <subfield code="a">[cont. Parte 3]:</subfield>
          </datafield>
          <datafield tag="501" ind1=" " ind2=" ">
            <subfield code="a">Incipit: [بسملة وتصلية] باب اداب الجلس. قال عليه السلام المجالس بالامانات وانما يجالس</subfield>
          </datafield>
          <datafield tag="501" ind1=" " ind2=" ">
            <subfield code="a">Explicit: فقال على [...] [...] [...] فان على القلب طخاء فاذ [...] سرى عنه واذ أعيد عليه غفل واما يجب الرجل الرجل ولم [...] فان الارواح.</subfield>
          </datafield>
          <datafield tag="501" ind1=" " ind2=" ">
            <subfield code="a">[cont. Parte 3]:</subfield>
          </datafield>
          <datafield tag="501" ind1=" " ind2=" ">
            <subfield code="a">Copista: 1 copista desconocido. -- Colofón: No tiene. -- Características especiales ; Ilustración ; Ilustraciones: No. -- Tipo de cuaderno: El cosido posterior a la encuadernación original hace imposible calcularlo. -- Deterioros generales: Manchas de humedad con texto afectado, tinta deslucida y galerías por insectos. -- H. en blanco: 79 v, 81 r-v, 82 r. -- H. dañadas, mutiladas, sueltas: Dañadas: todas por humedad y galerías por insectos. Mutiladas: 1, 22-28. Sueltas: ninguna. -- H. faltan o añadidas Obra ápoda. -- Foliación: 82v-121v: foliado a lápiz en el margen superior derecho del recto. -- Reclamos: En el verso de todos los folios. -- Sign. cuad.: No. --Pautado: A punta seca. Distancia interlineal: 0,6x0,8 cm. -- Filigrana: Gallo con las iniciales “T” y “G” (ff. 83, 85, 88, 91, 93, 96-97, 111-112, 117, 119). -- Signatura antigua: AEEA, caja 30. Manuscrito 102. -- Anotaciones: Algunas notas marginales contemporáneas a la copia. -Interior portada: sello azul de la Escuela de Estudios Árabes de Madrid, mecanografiado sobre él “manuscrito 102”, y escrito a lápiz “caja 102”. -En el lomo: sello azul de la Biblioteca de la Escuela de Estudios Árabes de Madrid: “Manuscrito caja 102”. -f. 159: “Fernando Gómez de Bonilla. Fez 1877”</subfield>
          </datafield>
          <datafield tag="501" ind1=" " ind2=" ">
            <subfield code="a">[Parte 4]:</subfield>
          </datafield>
          <datafield tag="501" ind1=" " ind2=" ">
            <subfield code="a">Título: المعريب المبين عما تضمنه الانيس المطرب وروضت النسري . Al-muʽrib al-mubīn ʽammā taḍammana-hu al-anīs al-muṭrib wa rawḍa al-nisrī /محمّد بْن قَاسم بن محمد بن زَاكور. Muḥammad b. Qāsim b. Muḥammad b. Zākūr. -- [S.l.] , 1721 [27 ramaḍān 1133/22 julio 1721]. -- 38 de159 ff., y 2 de guardas (1 col. líneas por pág.) : Papel tratado muy grueso ; 19,9x14,5 cm. (caja: 12,6x8,5 cm). -- Tinta negra y roja.</subfield>
          </datafield>
          <datafield tag="501" ind1=" " ind2=" ">
            <subfield code="a">[cont. Parte 4]:</subfield>
          </datafield>
          <datafield tag="501" ind1=" " ind2=" ">
            <subfield code="a">Incipit: [بسملة وتضلية] يقول افقر العبيد الى [....] العَرْش الجَيِر محمّد بْن قَاسم بن محمد بن زَاكور كَانَ الله لهُ وَلوَالدِيهِ وولديهم.</subfield>
          </datafield>
          <datafield tag="501" ind1=" " ind2=" ">
            <subfield code="a">Explicit: ووقع الفراغ من جمعه قبل صلاة الله واتم سلامه على نبيه خاتم المرسلين ولا حول ولا قوة لا بالله العلي العظيم وآخر دعوانا ان الحمد لله رب العلمين</subfield>
          </datafield>
          <datafield tag="501" ind1=" " ind2=" ">
            <subfield code="a">[cont. Parte 4]:</subfield>
          </datafield>
          <datafield tag="501" ind1=" " ind2=" ">
            <subfield code="a">Copista: 1 copista desconocido.</subfield>
          </datafield>
          <datafield tag="501" ind1=" " ind2=" ">
            <subfield code="a">Colofón: انتهى بحمد الله تعلى وتوفيقه وهو [...] طريقه. بمنه لعين يارب العالمين وصلى الله على مولانا محمد وأله وفي عشيّه الاربعاء 27 رمضان المعظم عام 1133.</subfield>
          </datafield>
          <datafield tag="501" ind1=" " ind2=" ">
            <subfield code="a">[cont. Parte 4]:</subfield>
          </datafield>
          <datafield tag="501" ind1=" " ind2=" ">
            <subfield code="a">Características especiales ; Ilustración ; Ilustraciones: No. -- Tipo de cuaderno: El cosido posterior a la encuadernación original hace imposible calcularlo. -- Deterioros generales: Manchas de humedad con texto afectado, galerías por insectos. -- H. en blanco 79 v, 81 r-v, 82 r. -- H. dañadas, mutiladas, sueltas: Dañadas: todas por humedad y galerías por insectos. Mutiladas: 1, 22-28. Sueltas: ninguna. -- H. faltan o añadidas: Obra ápoda. -- Foliación: 122-159: foliado a lápiz en el margen superior derecho del recto. -- Reclamos: En el verso de todos los folios. -- Sign cuad.: No. -- Pautado: A punta seca. Distancia interlineal: 1 cm. -- Filigrana No. -- Signatura antigua: AEEA, caja 30. Manuscrito 102. -- Anotaciones: Algunas notas marginales contemporáneas a la copia. -Interior portada: sello azul de la Escuela de Estudios Árabes de Madrid, mecanografiado sobre él “manuscrito 102”, y escrito a lápiz “caja 102”. -En el lomo: sello azul de la Biblioteca de la Escuela de Estudios Árabes de Madrid: “Manuscrito caja 102”. -f. 159: “Fernando Gómez de Bonilla. Fez 1877”</subfield>
          </datafield>
          <datafield tag="510" ind1="4" ind2=" ">
            <subfield code="a">Descripción: No. [Parte 3, 4]</subfield>
          </datafield>
          <datafield tag="510" ind1="4" ind2=" ">
            <subfield code="a">Bibliografía: No. [Parte 3, 4]</subfield>
          </datafield>
          <datafield tag="520" ind1=" " ind2=" ">
            <subfield code="a">[Parte 3]: Resumen anónimo de la obra de Abū ʽO. Yū. b. ,Al b. M. b. ʽAbdalbarr an-Namarī al-Qurṭubī, K. Bahgat al-magālis waʽ uns al-mugālis (GAL, I, 368).</subfield>
          </datafield>
          <datafield tag="520" ind1=" " ind2=" ">
            <subfield code="a">[Parte 4]: Al-Muʽrib al-mubīn ʽammā taḍammanahu ʼl-Anīs al-muṭrīb wa rawḍat an-nisrīn, de Abū ʽAl. M. b. Q. b. M. b. ʽAbdelwāhid b. A. b. Zākūr al-Fāsī (GAL, S. II, 684).</subfield>
          </datafield>
          <datafield tag="530" ind1=" " ind2=" ">
            <subfield code="a">Digitalizado. [Parte 3, 4]</subfield>
          </datafield>
          <datafield tag="541" ind1=" " ind2=" ">
            <subfield code="a">Procedencia: f. 159: “Fernando Gómez de Bonilla. Fez 1877”</subfield>
            <subfield code="d">Ingreso: Desconocido. [Parte 3, 4]</subfield>
          </datafield>
          <datafield tag="546" ind1=" " ind2=" ">
            <subfield code="a">Árabe</subfield>
            <subfield code="b">con escritura magrebí. [Parte 3, 4]</subfield>
          </datafield>
          <datafield tag="563" ind1=" " ind2=" ">
            <subfield code="a">Encuadernado en cartera de piel marrón sobre cartoné con papel de colores pegado en la portada y la contraportada, separada parcialmente del volumen, que tiene un cosido posterior a la copia, con una tela de lino pegada. [Parte 3, 4]</subfield>
          </datafield>
          <datafield tag="595" ind1=" " ind2=" ">
            <subfield code="a">No. [Parte 3, 4]</subfield>
          </datafield>
          <datafield tag="650" ind1=" " ind2="7">
            <subfield code="a">Manuscritos árabes.</subfield>
            <subfield code="2">CSICAU</subfield>
          </datafield>
          <datafield tag="650" ind1=" " ind2="7">
            <subfield code="a">Adab.</subfield>
            <subfield code="2">CSICAU</subfield>
          </datafield>
          <datafield tag="650" ind1=" " ind2="7">
            <subfield code="a">Arabes</subfield>
            <subfield code="x">Historia.</subfield>
            <subfield code="2">CSICAU</subfield>
          </datafield>
          <datafield tag="700" ind1="1" ind2=" ">
            <subfield code="a">Muḥammad b. Qāsim b. Muḥammad b. Zākūr</subfield>
          </datafield>
          <datafield tag="700" ind1="1" ind2=" ">
            <subfield code="a">محمّد بْن قَاسم بن محمد بن زَاكور</subfield>
          </datafield>
          <datafield tag="740" ind1="0" ind2=" ">
            <subfield code="a">[Resumen del Bahŷat al-maŷālis wa uns al-muŷālis]</subfield>
          </datafield>
          <datafield tag="740" ind1="0" ind2=" ">
            <subfield code="a">المعريب المبين عما تضمنه الانيس المطرب وروضت النسري</subfield>
          </datafield>
          <datafield tag="740" ind1="0" ind2=" ">
            <subfield code="a">Al-muʽrib al-mubīn ʽammā taḍammana-hu al-anīs al-muṭrib wa rawḍa al-nisrī</subfield>
          </datafield>
          <datafield tag="830" ind1=" " ind2="0">
            <subfield code="a">Manuscripta</subfield>
          </datafield>
          <datafield tag="856" ind1="4" ind2="1">
            <subfield code="u">http://aleph.csic.es/imagenes/mad01/0006_PMSC/P_001231662_658948_V00.pdf</subfield>
            <subfield code="z">Descargar Pdf completo (26M)</subfield>
            <subfield code="m">CSIC</subfield>
          </datafield>
          <datafield tag="856" ind1="4" ind2="1">
            <subfield code="u">http://aleph.csic.es/imagenes/mad01/0006_PMSC/html/001231662.html</subfield>
            <subfield code="z">Ver texto completo en Bookreader</subfield>
          </datafield>
          <datafield tag="856" ind1="4" ind2="1">
            <subfield code="u">http://simurg.csic.es/view/288877</subfield>
            <subfield code="z">Acceso a la versión digitalizada en Simurg</subfield>
          </datafield>
          <datafield tag="040" ind1=" " ind2=" ">
            <subfield code="a">ES-MaCSI</subfield>
            <subfield code="b">spa</subfield>
          </datafield>
        </record>
      </metadata>
    </record>