
    <record>
      <header>
        <identifier>oai:alma.34CSIC_INST:990012274870204201</identifier>
        <datestamp>2022-07-01T05:01:55Z</datestamp>
        <setSpec>manuscripta</setSpec>
        <setSpec>csic-bibliografico</setSpec>
      </header>
      <metadata>
        <record xmlns="http://www.loc.gov/MARC21/slim" xmlns:xsi="http://www.w3.org/2001/XMLSchema-instance" xsi:schemaLocation="http://www.loc.gov/MARC21/slim http://www.loc.gov/standards/marcxml/schema/MARC21slim.xsd">
          <leader>25390ntm a2201081 i 4500</leader>
          <controlfield tag="005">20220609123405.0</controlfield>
          <controlfield tag="008">100330q1440    sp            000 0 ara d</controlfield>
          <controlfield tag="001">990012274870204201</controlfield>
          <datafield tag="035" ind1=" " ind2=" ">
            <subfield code="a">CSIC001227487</subfield>
          </datafield>
          <datafield tag="035" ind1=" " ind2=" ">
            <subfield code="a">(ES-MaCSI)001227487MAD01-Aleph</subfield>
          </datafield>
          <datafield tag="035" ind1=" " ind2=" ">
            <subfield code="a">(OCoLC)1123691136
</subfield>
          </datafield>
          <datafield tag="080" ind1=" " ind2=" ">
            <subfield code="a">091(=411.21)</subfield>
          </datafield>
          <datafield tag="080" ind1=" " ind2=" ">
            <subfield code="a">28</subfield>
          </datafield>
          <datafield tag="080" ind1=" " ind2=" ">
            <subfield code="a">39(=411.21)</subfield>
          </datafield>
          <datafield tag="080" ind1=" " ind2=" ">
            <subfield code="a">28-587</subfield>
          </datafield>
          <datafield tag="245" ind1="1" ind2="0">
            <subfield code="a">[Misceláneo de mística, ḥadīṯ y Muḥammad]</subfield>
            <subfield code="h">[Manuscrito]</subfield>
          </datafield>
          <datafield tag="260" ind1=" " ind2=" ">
            <subfield code="a">[S.l.],</subfield>
            <subfield code="c">[144?].</subfield>
          </datafield>
          <datafield tag="300" ind1=" " ind2=" ">
            <subfield code="a">ff. :</subfield>
            <subfield code="b">Papel tratado grueso ;</subfield>
            <subfield code="c">29x22cm.</subfield>
          </datafield>
          <datafield tag="490" ind1="0" ind2=" ">
            <subfield code="a">Manuscripta</subfield>
          </datafield>
          <datafield tag="500" ind1=" " ind2=" ">
            <subfield code="a">Tinta negra</subfield>
          </datafield>
          <datafield tag="500" ind1=" " ind2=" ">
            <subfield code="a">Características especiales: No.</subfield>
          </datafield>
          <datafield tag="500" ind1=" " ind2=" ">
            <subfield code="a">Ilustración: No.</subfield>
          </datafield>
          <datafield tag="500" ind1=" " ind2=" ">
            <subfield code="a">Ilustraciones: No.</subfield>
          </datafield>
          <datafield tag="500" ind1=" " ind2=" ">
            <subfield code="a">H. en blanco: No.</subfield>
          </datafield>
          <datafield tag="500" ind1=" " ind2=" ">
            <subfield code="a">H. faltan o añadidas: No</subfield>
          </datafield>
          <datafield tag="500" ind1=" " ind2=" ">
            <subfield code="a">Reclamos: No.</subfield>
          </datafield>
          <datafield tag="500" ind1=" " ind2=" ">
            <subfield code="a">Sin signaturas de cuaderno.</subfield>
          </datafield>
          <datafield tag="500" ind1=" " ind2=" ">
            <subfield code="a">Signatura antigua: Sello azul y blanco pegado con el nº 10. Junta 10</subfield>
          </datafield>
          <datafield tag="500" ind1=" " ind2=" ">
            <subfield code="a">1.º Un tratado de mística. (Fol. 1 á 60) / [ejemp. sin tít. ni nombre de aut.] -- 2.º Un libro sobre crítica de hadices. (Fol. 61 á 83) -- 3.º Un tratado sobre el nacimiento del Profeta. (Fol. 84 á 93)</subfield>
          </datafield>
          <datafield tag="501" ind1=" " ind2=" ">
            <subfield code="a">[Primera parte]</subfield>
          </datafield>
          <datafield tag="501" ind1=" " ind2=" ">
            <subfield code="a">[No consta el tít. del ms.] / No consta. -- 1442 [29 Rabīʽ al-ṭānī 846/6 septiembre 1442]. -- 51 ff. de 84. (1 col., 28 líneas por pág.) ; 29x22 cm. (Caja: 23,5-24x16 cm.).</subfield>
          </datafield>
          <datafield tag="501" ind1=" " ind2=" ">
            <subfield code="a">[cont. Primera parte]:</subfield>
          </datafield>
          <datafield tag="501" ind1=" " ind2=" ">
            <subfield code="a">Incipit: [بسملة وتصلية] الحمد لله الاول فلا اوُلَ قَبْلهُ والاخِر فلا اخِرَ بَعْدهُ والظَاهِرُ فلا شَيئَ قَبْلَهُ والبَاطِنُ فلا شيْئَ دُونَ الاوَلُ.</subfield>
          </datafield>
          <datafield tag="501" ind1=" " ind2=" ">
            <subfield code="a">Explicit: فاسلوه عَن الله مَا هُوَ وقالوا في انفسهم لوْ قالَ الاهي من الذَهَب فنَقُولُ لَنَا الذَهَب ولو قالَ من الْفضة اوْ نحوه فسالوه فانزل الله قُلْ هو الله احدً الله الصَّمَدُ لم يلد ولم يولد ولمْ يَكن لَهُ كُفُوًا احَد</subfield>
          </datafield>
          <datafield tag="501" ind1=" " ind2=" ">
            <subfield code="a">[cont. Primera parte]:</subfield>
          </datafield>
          <datafield tag="501" ind1=" " ind2=" ">
            <subfield code="a">Lugar de escritura: No consta. -- Copista: [Ibn ʽAbd Allāh Muḥammad al-Arqam] ابن عبْد الله محمّد الارقَم</subfield>
          </datafield>
          <datafield tag="501" ind1=" " ind2=" ">
            <subfield code="a">[cont. Primera parte]:</subfield>
          </datafield>
          <datafield tag="501" ind1=" " ind2=" ">
            <subfield code="a">Colofón: كَمَلَ الْكِتَابُ بِحمْدُ الله وجمِيلِ عَوْنهِ وَتَايِدِهِ ونَصْرِهِ عَلَى يدي العبد الذَلِيلْ لبرَّاجِي رَحْمةَ رَبِه وغفرانِهِ ابن عبْد الله محمّد الارقَمْ حامِدًالله ومُصَليًا على رضسُولِهِ المصْطَفَى مُحَمَدًا صلى الله عليْه وسَلَّم وَشرَّفَ وكرّم وعَظِّمَ كتبه لنفْسهِ ثم لمن شَاءَ الله من بَعْدِهِ وذلك يوم الخميسْ لستة ايام ماضي من شَهرِ شنتبر عام 846. فرحم الله كاتبَهُ وقيامه ولمُستمع به بالرحمه. امين.امين.امين.</subfield>
          </datafield>
          <datafield tag="501" ind1=" " ind2=" ">
            <subfield code="a">[cont. Primera parte]:</subfield>
          </datafield>
          <datafield tag="501" ind1=" " ind2=" ">
            <subfield code="a">Tipo de cuaderno: 1 cuaderno de 6 bifolios y 4 de 5 bifolios. -- Deterioros generales: Humedades, muchos folios muy afectados en la parte inferior, mutilados. -- Parte del texto ilegible por la humedad o por mutilación del folio debido a ésta. -- Hojas dañadas, mutiladas y sueltas: Mutiladas: 51-93, en la parte inferior debido a humedades. -- Foliación: 1-60, a lápiz en la parte superior derecha del verso. Hay un salto del folio 20 al 30. -- Pautado: No se aprecia. Distancia interlineal: 0,7-1,2 cm. -- Filigrana: ff. 1, 2, 4, 6, 8, 10, 13, 15, 18, 19, 30, 32, 35, 36, 39, 40, 42, 43, 46, 48, 49, 52, 56, 58-60: carro, similar a Briquet, nº 3528. -- Anotaciones: Alguna nota marginal contemporánea a la copia.</subfield>
          </datafield>
          <datafield tag="501" ind1=" " ind2=" ">
            <subfield code="a">[Segunda parte]:</subfield>
          </datafield>
          <datafield tag="501" ind1=" " ind2=" ">
            <subfield code="a">[K. (taʽʼwīl) Muhtalif al-ḥadīṯ]. -- [Misceláneo de mística, ḥadīṯ y Muḥammad] . -- كِتَابُ فِيهِ تَفْسِيرُ مُخْتَلِفِ اِلْحَدِيثِ. -- Kitāb fī-hi tafsīr mujtalif al-ḥadīṯ / أَبُو مُحَمَّدٍ عبْد الله بْنِ مُسلِمٍ بْنِ قُتَيْبَةَ الدِّيْنورِي الْبَغْدَادِي [Abū Muḥammad ʽAbd Allāh b. Muslim b. Qutayba al-Dīnawarī al-Bagdādī]. -- [S. a.]-- 22 ff. de 84. (1 col. 31 líneas por pág.) ; 29x22 cm. (caja 25,5x16,5 cm.).</subfield>
          </datafield>
          <datafield tag="501" ind1=" " ind2=" ">
            <subfield code="a">[cont. Segunda parte]:</subfield>
          </datafield>
          <datafield tag="501" ind1=" " ind2=" ">
            <subfield code="a">Incipit: [بسملة وتصلية] اَسْعَدَكَ الله بطاعته ووفقك للحق وجعلك من اَهله فانك كتبت اليَّ تعلمين ما وقفت عليه من ثلْبِ اهل الكلام اهل الحديث</subfield>
          </datafield>
          <datafield tag="501" ind1=" " ind2=" ">
            <subfield code="a">Explicit: فاذَا انقطَعَ لم يكن له في هذَا القول فضل على غيرُهِ ولا وجبت له به مدحه وقد جا مثل هذا في الشِعْرِ والمنسوب الى ابن اخت تابط شرا ويقال انه الحلق الحمد صليب مني هُدَيْل يحرق لايمل الشر حتى يمل لْم يُرِدْ يمل الشر اذا ملُوا ولو أرَا بذلك مَا كاَنَ لَهُ فيه مَدْحٌ وانما ارَاد يملون الشر وهُو لا يمله.</subfield>
          </datafield>
          <datafield tag="501" ind1=" " ind2=" ">
            <subfield code="a">[cont. Segunda parte]:</subfield>
          </datafield>
          <datafield tag="501" ind1=" " ind2=" ">
            <subfield code="a">Lugar de escritura: no consta. -- Copista: محمد بن علي الكشواندي [Muḥammad b. ʽAlī al-Kušwāndī]. -- Colofón: No. -- Tipo de cuaderno: 2 cuadernos de 5 bifolios. -- Deterioros generales: Humedades, muchos folios muy afectados en la parte inferior, mutilados. Parte del texto ilegible por la humedad o por mutilación del folio debido a ésta. Galerías por insectos. -- Hojas, dañadas, mutiladas, sueltas: Mutiladas: 51-93, en la parte inferior debido a humedades. Galerías por insectos: 63-99. -- Foliación: 61-83: a lápiz en la parte superior derecha del verso. -- Pautado: No. Distancia interlineal: 0,8-1 cm. -- Foliación: ff. 69,70, 72, 74, 77, 79, 81, 82: cabeza de buey, similar a Briquet, nº 14294. -- Anotaciones: Muchas notas marginales contemporáneas y posteriores a la copia.</subfield>
          </datafield>
          <datafield tag="501" ind1=" " ind2=" ">
            <subfield code="a">[Tercera parte]</subfield>
          </datafield>
          <datafield tag="501" ind1=" " ind2=" ">
            <subfield code="a">[K. ad-durr al-munaẓẓam fī maulid an-nabī al-muʽaẓẓam]. - السفر الاول من كتاب الدر المنظم في مولود النبي المعظم رَسُول الله. / al-safr al-awwal min kitāb al-durr al-munaẓẓam fī mawlūd al-nabī al-muʽaẓam rasūl allāh / ابو القاسم بن ابو العباس احمد بن محمد اللخمى ثم العزفي من اهل سبتة [Abū al-Qāsim b. Abū-l-ʽAbbās Aḥmad b. Muḥammad al-Lajmī ṯumma-l-ʽazafī min ahl Sabta]. -- 1443 [4 šawwāl 846/5 febrero 1443]. -- 10 ff. de 84. (1 col. 31 líneas por pág.) ; 29x22cm. (caja: 25x18 cm.).</subfield>
          </datafield>
          <datafield tag="501" ind1=" " ind2=" ">
            <subfield code="a">[cont. Tercera parte]:</subfield>
          </datafield>
          <datafield tag="501" ind1=" " ind2=" ">
            <subfield code="a">Incipit: [بسملة وتصلية] صلَّى الله عليه سلم وشرّفً وكرَّم وعظَّم قال ملك سنن السنَّة القايم بأَعْمَال البر بما يضيق عنْهُ وُسْعَ المنّة المُعْتَصِعُ بحبل الله القوي المتين</subfield>
          </datafield>
          <datafield tag="501" ind1=" " ind2=" ">
            <subfield code="a">Explicit: اذَا ارَادَ شيْـًا ان يقول لَه كن فيكُونُ فسبحان الذي بيده ملكوت كل شيء واليه ترجعون.</subfield>
          </datafield>
          <datafield tag="501" ind1=" " ind2=" ">
            <subfield code="a">[cont. Tercera parte]:</subfield>
          </datafield>
          <datafield tag="501" ind1=" " ind2=" ">
            <subfield code="a">Lugar de escritura: Calatorao. -- Copista: محمد بن علي الكشواندي [Muḥammad b. ʽAlī al-Kušwāndī].</subfield>
          </datafield>
          <datafield tag="501" ind1=" " ind2=" ">
            <subfield code="a">[cont. Tercera parte]:</subfield>
          </datafield>
          <datafield tag="501" ind1=" " ind2=" ">
            <subfield code="a">Colofón: تَمَّ الاقاويل المسمى بالسفر الاول من كتاب الدر المنظم في يوم الثلاثة لخمسة ايام ماضي من فبرير موافق الاربعة ايام من شوال الذي عام ستة واربعين وثمان ماية عسى الله ييسر لي باقي الكتاب فرحم الله كاتبه وقاريه وكاتب هذا السفر محمد بن علي الكشواندي فقيه وامام من جماعة المسلمين موضع قعلة التراب لطف الله به امين رب العالمين.</subfield>
          </datafield>
          <datafield tag="501" ind1=" " ind2=" ">
            <subfield code="a">[cont. Tercera parte]:</subfield>
          </datafield>
          <datafield tag="501" ind1=" " ind2=" ">
            <subfield code="a">Tipo de cuaderno: 1 cuaderno de 6 bifolios y 4 de 5 bifolios. -- Deterioros generales: Humedades, muchos folios muy afectados en la parte inferior, mutilados. Parte del texto ilegible por la humedad o por mutilación del folio debido a ésta. -- H mutiladas: 51-93, en la parte inferior debido a humedades. -- Foliación: 84-93: a lápiz en la parte superior derecha del verso. -- Pautado: No. Distancia interlineal: 0,7-0,9 cm. -- Filigrana: ff. 85, 87, 88, 91, 93: cabeza de buey similar a Briquet, nº14294. -- Anotaciones: Alguna nota marginal contemporánea a la copia. Tras final de la obra texto en verso.</subfield>
          </datafield>
          <datafield tag="510" ind1="3" ind2=" ">
            <subfield code="a">Descripción: J. Ribera y M. Asín (dirs.), Manuscritos árabes y aljamiados de la biblioteca de la Junta: noticia y extractos, Madrid: Junta para la ampliación de Estudios e Investigaciones Científicas, 1912, 53-56.</subfield>
          </datafield>
          <datafield tag="510" ind1="4" ind2=" ">
            <subfield code="a">Bibliografía: J. Ribera y M. Asín (dirs.), Manuscritos árabes y aljamiados de la biblioteca de la Junta: noticia y extractos, Madrid: Junta para la ampliación de Estudios e Investigaciones Científicas, 1912, 53-56.</subfield>
          </datafield>
          <datafield tag="520" ind1="2" ind2=" ">
            <subfield code="a">[Primera parte]: Tratado anónimo de mística especulativa y práctica desarrollado en forma de cuestiones, sin separación de capítulos. Misma obra que el manuscrito RESC 36.</subfield>
          </datafield>
          <datafield tag="520" ind1="2" ind2=" ">
            <subfield code="a">[Segunda parte]: Obra de crítica de ḥadīṯ: Abū M. ʽAl. b. Muslim b. Qutaiba/al-Qutaibī/al-Qutabī ad-Dīnawarī al-Marwazī, K. (taʼwīl) Muhtalif al-ḥadīṯ (GAL, S.I, 184-187).</subfield>
          </datafield>
          <datafield tag="520" ind1="2" ind2=" ">
            <subfield code="a">[Tercera parte]: Tratado sobre el nacimiento del profeta: Abū ʼl-ʽAbbās M. b. A. al-Lahmī as-Sabtī b. al-ʽAzafī, K. ad-durr al-munaẓẓam fī maulid an-nabī al-muʽaẓẓam, (GAL, I, 452)</subfield>
          </datafield>
          <datafield tag="530" ind1=" " ind2=" ">
            <subfield code="a">Mª del P. Martínez Olmo, Colección de manuscritos árabes y aljamiados de la Biblioteca del Instituto de Filología del CSIC, Instituto de Filología CSIC, Madrid, 1998 (4 Cd-Rom), CD 1. -Instituto Miguel Asín de Estudios Arabes, Colección de manuscritos árabes y aljamiados, Microforma, Madrid: 1983-84, 25 rollos, Ms. 9,10,11.</subfield>
          </datafield>
          <datafield tag="541" ind1=" " ind2=" ">
            <subfield code="a">Procedencia: Almonacid de la Sierra. Pablo Gil. Sección Árabe Centro de Estudios Históricos (JAE). Escuela de Estudios Árabes de Madrid. Instituto de Filología, CSIC.</subfield>
            <subfield code="d">Ingreso: Junio de 1910.</subfield>
          </datafield>
          <datafield tag="546" ind1=" " ind2=" ">
            <subfield code="a">Árabe</subfield>
            <subfield code="b">con escritura magrebí</subfield>
          </datafield>
          <datafield tag="563" ind1=" " ind2=" ">
            <subfield code="a">Volumen cosido sin tapas.</subfield>
          </datafield>
          <datafield tag="595" ind1=" " ind2=" ">
            <subfield code="a">No.</subfield>
          </datafield>
          <datafield tag="600" ind1="0" ind2="7">
            <subfield code="a">Mahoma</subfield>
            <subfield code="d">(m. 632).</subfield>
            <subfield code="2">CSICAU</subfield>
          </datafield>
          <datafield tag="650" ind1=" " ind2="7">
            <subfield code="a">Manuscritos árabes.</subfield>
            <subfield code="2">CSICAU</subfield>
          </datafield>
          <datafield tag="650" ind1=" " ind2="7">
            <subfield code="a">Manuscritos aljamiados.</subfield>
            <subfield code="2">CSICAU</subfield>
          </datafield>
          <datafield tag="650" ind1=" " ind2="7">
            <subfield code="a">Islam</subfield>
            <subfield code="x">Tradiciones.</subfield>
            <subfield code="2">CSICAU</subfield>
          </datafield>
          <datafield tag="650" ind1=" " ind2="7">
            <subfield code="a">Misticismo.</subfield>
            <subfield code="2">CSICAU</subfield>
          </datafield>
          <datafield tag="700" ind1="1" ind2=" ">
            <subfield code="a">ابن عبْد الله محمّد الارقَمْ</subfield>
          </datafield>
          <datafield tag="700" ind1="1" ind2=" ">
            <subfield code="a">Ibn ʽAbd Allāh Muḥammad al-Arqam</subfield>
            <subfield code="e">copista</subfield>
          </datafield>
          <datafield tag="700" ind1="1" ind2=" ">
            <subfield code="a">أَبُو مُحَمَّدٍ عبْد الله بْنِ مُسلِمٍ بْنِ قُتَيْبَةَ الدِّيْنورِي الْبَغْدَادِي</subfield>
          </datafield>
          <datafield tag="700" ind1="1" ind2=" ">
            <subfield code="a">Abū Muḥammad ʽAbd Allāh b. Muslim b. Qutayba al-Dīnawarī al-Bagdādī</subfield>
          </datafield>
          <datafield tag="700" ind1="1" ind2=" ">
            <subfield code="a">محمد بن علي الكشواندي</subfield>
          </datafield>
          <datafield tag="700" ind1="1" ind2=" ">
            <subfield code="a">[Muḥammad b. ʽAlī al-Kušwāndī]</subfield>
            <subfield code="e">copista</subfield>
          </datafield>
          <datafield tag="700" ind1="1" ind2=" ">
            <subfield code="a">ابو القاسم بن ابو العباس احمد بن محمد اللخمى ثم العزفي من اهل سبتة</subfield>
          </datafield>
          <datafield tag="700" ind1="1" ind2=" ">
            <subfield code="a">محمد بن علي الكشواندي</subfield>
          </datafield>
          <datafield tag="700" ind1="1" ind2=" ">
            <subfield code="a">Abū al-Qāsim b. Abū-l-ʽAbbās Aḥmad b. Muḥammad al-Lajmī ṯumma-l-ʽazafī min ahl Sabta</subfield>
          </datafield>
          <datafield tag="730" ind1="0" ind2=" ">
            <subfield code="a">[K. (taʽʼwīl) Muhtalif al-ḥadīṯ]</subfield>
          </datafield>
          <datafield tag="730" ind1="0" ind2=" ">
            <subfield code="a">[K. ad-durr al-munaẓẓam fī maulid an-nabī al-muʽaẓẓam]</subfield>
          </datafield>
          <datafield tag="740" ind1="0" ind2=" ">
            <subfield code="a">Kitāb fī-hi tafsīr mujtalif al-ḥadīṯ</subfield>
          </datafield>
          <datafield tag="740" ind1="0" ind2=" ">
            <subfield code="a">كِتَابُ فِيهِ تَفْسِيرُ مُخْتَلِفِ اِلْحَدِيثِ</subfield>
          </datafield>
          <datafield tag="740" ind1="0" ind2=" ">
            <subfield code="a">al-safr al-awwal min kitāb al-durr al-munaẓẓam fī mawlūd al-nabī al-muʽaẓam rasūl allāh</subfield>
          </datafield>
          <datafield tag="740" ind1="0" ind2=" ">
            <subfield code="a">السفر الاول من كتاب الدر المنظم في مولود النبي المعظم رَسُول الله</subfield>
          </datafield>
          <datafield tag="830" ind1=" " ind2="0">
            <subfield code="a">Manuscripta</subfield>
          </datafield>
          <datafield tag="856" ind1="4" ind2="1">
            <subfield code="u">http://aleph.csic.es/imagenes/mad01/0006_PMSC/P_001227487_650849_V00.pdf</subfield>
            <subfield code="z">Descargar Pdf completo (55M)</subfield>
            <subfield code="m">CSIC</subfield>
          </datafield>
          <datafield tag="856" ind1="4" ind2="1">
            <subfield code="u">http://aleph.csic.es/imagenes/mad01/0006_PMSC/html/001227487.html</subfield>
            <subfield code="z">Ver texto completo en Bookreader</subfield>
          </datafield>
          <datafield tag="856" ind1="4" ind2="1">
            <subfield code="u">http://simurg.csic.es/view/270316</subfield>
            <subfield code="z">Acceso a la versión digitalizada en Simurg</subfield>
          </datafield>
          <datafield tag="040" ind1=" " ind2=" ">
            <subfield code="a">ES-MaCSI</subfield>
            <subfield code="b">spa</subfield>
          </datafield>
        </record>
      </metadata>
    </record>