
    <record>
      <header>
        <identifier>oai:alma.34CSIC_INST:990012276640204201</identifier>
        <datestamp>2022-07-01T05:01:55Z</datestamp>
        <setSpec>manuscripta</setSpec>
        <setSpec>csic-bibliografico</setSpec>
      </header>
      <metadata>
        <record xmlns="http://www.loc.gov/MARC21/slim" xmlns:xsi="http://www.w3.org/2001/XMLSchema-instance" xsi:schemaLocation="http://www.loc.gov/MARC21/slim http://www.loc.gov/standards/marcxml/schema/MARC21slim.xsd">
          <leader>14430ntm a2201021 i 4500</leader>
          <controlfield tag="005">20220609123406.0</controlfield>
          <controlfield tag="008">100406q        sp            000 0 ara d</controlfield>
          <controlfield tag="001">990012276640204201</controlfield>
          <datafield tag="035" ind1=" " ind2=" ">
            <subfield code="a">CSIC001227664</subfield>
          </datafield>
          <datafield tag="035" ind1=" " ind2=" ">
            <subfield code="a">(ES-MaCSI)001227664MAD01-Aleph</subfield>
          </datafield>
          <datafield tag="080" ind1=" " ind2=" ">
            <subfield code="a">091(=411.21)</subfield>
          </datafield>
          <datafield tag="080" ind1=" " ind2=" ">
            <subfield code="a">28-564</subfield>
          </datafield>
          <datafield tag="080" ind1=" " ind2=" ">
            <subfield code="a">28(059)</subfield>
          </datafield>
          <datafield tag="080" ind1=" " ind2=" ">
            <subfield code="a">398.91=411.21</subfield>
          </datafield>
          <datafield tag="080" ind1=" " ind2=" ">
            <subfield code="a">006.95=411.21</subfield>
          </datafield>
          <datafield tag="245" ind1="1" ind2="0">
            <subfield code="a">[Legajo de miscelánea]</subfield>
            <subfield code="h">[Manuscrito]</subfield>
          </datafield>
          <datafield tag="260" ind1=" " ind2=" ">
            <subfield code="a">[S.l.],</subfield>
            <subfield code="c">[s.a., Siglo XVI-SXII].</subfield>
          </datafield>
          <datafield tag="300" ind1=" " ind2=" ">
            <subfield code="a">5 cuadernos.</subfield>
          </datafield>
          <datafield tag="490" ind1="0" ind2=" ">
            <subfield code="a">Manuscripta</subfield>
          </datafield>
          <datafield tag="500" ind1=" " ind2=" ">
            <subfield code="a">Cuadernos sueltos con fragmentos de obras diversas</subfield>
          </datafield>
          <datafield tag="500" ind1=" " ind2=" ">
            <subfield code="a">Signatura antigua: Junta 40</subfield>
          </datafield>
          <datafield tag="501" ind1=" " ind2=" ">
            <subfield code="a">[Cuaderno 1]:</subfield>
          </datafield>
          <datafield tag="501" ind1=" " ind2=" ">
            <subfield code="a">Tablas de conversión de fechas islámicas. -- [ms. carece de tít.] / [sin aut.]. -- [S.l.], [s.a., S. XVII]. -- 8 ff. (Una col., entre 19 y 22 líneas por pág.) : papel , 21x8 cm (caja: 18,5x6,8 cm).</subfield>
          </datafield>
          <datafield tag="501" ind1=" " ind2=" ">
            <subfield code="a">[cont. Cuaderno 1]:</subfield>
          </datafield>
          <datafield tag="501" ind1=" " ind2=" ">
            <subfield code="a">Incipit: Papel pegado (nota de Ribera y Asín) que impide ver el incipit. Lo incluyo a partir de donde se puede leer. بَّرَاسِيُلَلُنَدَا الْمُمَحَرَّ/ مْ َانَاشْتَا اَنُّدَا نُبَانْ / تَاتُوَابَا</subfield>
          </datafield>
          <datafield tag="501" ind1=" " ind2=" ">
            <subfield code="a">Explicit: ّرِمَارُدَا لَلُنَ ءَالَ / ارْبَعَ اَبَاِنْتِدُو / وش دَا اَبِريلْ</subfield>
          </datafield>
          <datafield tag="501" ind1=" " ind2=" ">
            <subfield code="a">[cont. Cuaderno 1]:</subfield>
          </datafield>
          <datafield tag="501" ind1=" " ind2=" ">
            <subfield code="a">Tinta marrón claro. -- Copista: Desconocido. -- Colofón: No. Características especiales: Fragmentos divididos por rayas horizontales. -- Ilustraciones: Cenefa simple geométrica. -- Tipo de cuaderno: 1 cuaternión. -- Deterioros : Cortes superior e inferior doblados. -- H. en blanco, dañadas, mutiladas, sueltas, faltan o añadidas: ninguna. -- Foliación, reclamos, Sign. cuad., pautado, filigrana, enc.: No. -- Anotaciones: No.</subfield>
          </datafield>
          <datafield tag="501" ind1=" " ind2=" ">
            <subfield code="a">[Cuaderno 2]:</subfield>
          </datafield>
          <datafield tag="501" ind1=" " ind2=" ">
            <subfield code="a">Glosario árabe-aljamiado. -- [ms. carece de tít.] / [sin aut.]. -- [S.l.], [s.a., S. XVI]. -- 16 ff. (Una col. [en algunos casos, listados a dos cols. dentro de la misma caja de escritura], entre 17 t 19 líneas por pág.) : papel , 20,8x7,3 cm (caja: 18,3x5,8 cm).</subfield>
          </datafield>
          <datafield tag="501" ind1=" " ind2=" ">
            <subfield code="a">[cont. Cuaderno 2]:</subfield>
          </datafield>
          <datafield tag="501" ind1=" " ind2=" ">
            <subfield code="a">Incipit: شرح من فراءض مختصر / الاماعدد شَنُ لُكَاشْكُنْتَذُ</subfield>
          </datafield>
          <datafield tag="501" ind1=" " ind2=" ">
            <subfield code="a">Explicit: تكملة ـ كُنْبِّلِمِيَانْتُ / باب مراث المال</subfield>
          </datafield>
          <datafield tag="501" ind1=" " ind2=" ">
            <subfield code="a">[cont. Cuaderno 2]:</subfield>
          </datafield>
          <datafield tag="501" ind1=" " ind2=" ">
            <subfield code="a">Tinta marrón oscura. -- Copista: Desconocido. -- Colofón, características especiales. il., ilustraciones: No. -- Tipo de cuaderno: 1 octonión. -- Deterioros: Las esquinas externas están muy deterioradas por el uso, especialmente las inferiores, perdiendo textos en algunos casos. -- H. en blanco: 1r-v, 9v-16v. -- H. dañadas, mutiladas, sueltas, faltan o añadidas: ninguna. -- Foliación: Ff. 1-16. Moderna, a lápiz, centrado en el margen superior del verso. -- Reclamos, Sig. cuad., pautado: No. -- Filigrana: Esfera barrada con motivo vegetal exento. -- Enc.: No. -- Anotaciones: No.</subfield>
          </datafield>
          <datafield tag="501" ind1=" " ind2=" ">
            <subfield code="a">[Cuaderno 3]:</subfield>
          </datafield>
          <datafield tag="501" ind1=" " ind2=" ">
            <subfield code="a">Glosario religioso. -- [ms. carece de tít.] / [sin aut.]. -- [S.l.], [s.a., S. XVI]. -- 8 ff. (Dos cols. con títulos centrados. Número de líneas variable, prácticamente todas las hojas dejan espacios en blanco) : papel , 30x10,9 cm (caja: variable).</subfield>
          </datafield>
          <datafield tag="501" ind1=" " ind2=" ">
            <subfield code="a">[cont. Cuaderno 3]:</subfield>
          </datafield>
          <datafield tag="501" ind1=" " ind2=" ">
            <subfield code="a">Incipit: سرح ذا سورة ص حسرب</subfield>
          </datafield>
          <datafield tag="501" ind1=" " ind2=" ">
            <subfield code="a">Explicit: وَرُمَّانٌ اِمَانْغَرَنَشْ</subfield>
          </datafield>
          <datafield tag="501" ind1=" " ind2=" ">
            <subfield code="a">[cont. Cuaderno 3]:</subfield>
          </datafield>
          <datafield tag="501" ind1=" " ind2=" ">
            <subfield code="a">Tinta marrón claro. -- Copista: Desconocido. -- Colofón: No. -- Ilustraciones: Paneles rectangulares con motivos geométricos angulares. Motivos circulares concéntricos, propios de coranes (excepcional). -- Tipo de cuaderno: 1 cuaternión doblado por la mitad. -- Deterioros: Cortes deteriorados. -- H. en blanco: 1v-2v. -- H. dañadas, mutiladas, sueltas, faltan o añadidas: ninguna. -- Foliación: Ff. 1-8. Moderna, a lápiz, en el margen superior centrado del verso. -- Reclamos, sign. cuad., pautado: No. -- Filigrana: Lágrima con una cruz hueca en el interior, y bajo el vértice inferior de la lágrima, dos letras: M ?. -- Enc.: No. -- Anotaciones: En caracteres latinos, en tinta sepia, frase tachada. En esa misma tinta, se completa el título de la última sección de la traducción.</subfield>
          </datafield>
          <datafield tag="501" ind1=" " ind2=" ">
            <subfield code="a">[Cuaderno 4]:</subfield>
          </datafield>
          <datafield tag="501" ind1=" " ind2=" ">
            <subfield code="a">Misceláneo léxico religioso. -- [ms. carece de tít.] / [sin aut.]. -- [S.l.], [s.a., S. XVI]. -- 20 ff. (Dos cols. (1r-3v). Una col. (4r-18v). Entre 30 y 33 líneas por pág.) : papel , 31,5x11 cm (caja: entre 27,5x8 y 29,5x10 cm, no definida de forma fija).</subfield>
          </datafield>
          <datafield tag="501" ind1=" " ind2=" ">
            <subfield code="a">[cont. Cuaderno 4]:</subfield>
          </datafield>
          <datafield tag="501" ind1=" " ind2=" ">
            <subfield code="a">Incipit: (بعد الحمدلة والبسملة والتصلية) ابتدا من شرح سورة دَاوُودْ ان شَاءَالله</subfield>
          </datafield>
          <datafield tag="501" ind1=" " ind2=" ">
            <subfield code="a">Explicit: قادرعلى الك فاني سمعت رسول الله عليه وسلم / يقول ان زفيه اسم الله العظيم.</subfield>
          </datafield>
          <datafield tag="501" ind1=" " ind2=" ">
            <subfield code="a">[cont. Cuaderno 4]:</subfield>
          </datafield>
          <datafield tag="501" ind1=" " ind2=" ">
            <subfield code="a">Tinta marrón oscura. -- Copista: Desconocido, dos manos. -- Colofón: Inexistente. -- Características especiales. ilustración: No. -- Ilustraciones: Paneles geométricos, cenefa vegetal simple y cenefa geométrica. -- Tipo de cuaderno: 1 denión doblado por la mitad. -- Deterioros: Ligeras manchas de humedad; cortes deteriorados; esquinas dobladas o desaparecidas. -- H. en blanco: ff. 18v-20v. -- H. dañadas, mutiladas, sueltas, faltan o añadidas: ninguna. -- Foliación: Ff. 1-20. Moderna, a lápiz, en el margen superior centrado del verso. -- Reclamos, sig. cuad., pautado: No. -- Filigrana: Lágrima con una cruz hueca en el interior, y bajo el vértice inferior de la lágrima, dos letras: M ?. -- Enc.: No. -- Anotaciones: Pruebas caligráficas de otras manos (20v).</subfield>
          </datafield>
          <datafield tag="501" ind1=" " ind2=" ">
            <subfield code="a">[Cuaderno 5]:</subfield>
          </datafield>
          <datafield tag="501" ind1=" " ind2=" ">
            <subfield code="a">“El hadiz de Muça clm cuando habló con Allah tabaraka wa tacalà en el monte de Turicina” / [sin aut.]. -- [S.l.], [s.a., S. XVI]. -- 36 ff. (Una col. 10 líneas por página (excepcionalmente, 14, en 28r) : papel , 19 x10,3 cm (caja: 13,7x7,6 cm).</subfield>
          </datafield>
          <datafield tag="501" ind1=" " ind2=" ">
            <subfield code="a">[cont. Cuaderno 5]:</subfield>
          </datafield>
          <datafield tag="501" ind1=" " ind2=" ">
            <subfield code="a">Incipit: (بعد البسملة) لَلْحَدِيث ذَا مُوسَى عَلَيْهِ السلام. اِ فوَا / لُبِّرِمَارُ كَا ذَامَنْدُ مُوسَى / عَلَيْهِ السَّلاَمْ اِفوَا كَا ذِ / يشُ يَا شَانُّرْ ذَا اَنْتَاشْ</subfield>
          </datafield>
          <datafield tag="501" ind1=" " ind2=" ">
            <subfield code="a">Explicit: وَلَّا اِلَّه اِلَّا اَلَّله الُقُا / ضحي بِقُدْرَتِهِ</subfield>
          </datafield>
          <datafield tag="501" ind1=" " ind2=" ">
            <subfield code="a">[cont. Cuaderno 5]:</subfield>
          </datafield>
          <datafield tag="501" ind1=" " ind2=" ">
            <subfield code="a">Tinta marrón oscura y marrón clara. -- Copista: Desconocido, dos manos. -- Colofón, características especiales: No. -- Ilustraciones: Rectángulo con decoración geométrica simple. Cenefa geométrica simple para completar línea. -- Tipo de cuaderno: 2 biniones, 1 ternión, 2 sexternos. -- Deterioros: Esquinas dobladas, corte lateral deteriorado. -- H. en blanco: 1r-6r+29r-36v. -- H. dañadas, mutiladas, sueltas, faltan o añadidas: Ninguna. -- Foliación: Ff. 1-36. Moderna, a lápiz, en el margen superior centrado del vuelto. -- Reclamos: No se aprecian. -- Sign. cuad.: No. -- Pautado: A punta seca en el recto. Descuidado. -- Filigrana: Dos: 1) Lágrima con cruz insertada y las letras “A 6” en la parte inferior del vértice. 2) Lágrima con cruz insertada con las letras “F M” en la parte inferior. -- Anotaciones: Pruebas de pluma.</subfield>
          </datafield>
          <datafield tag="510" ind1="3" ind2=" ">
            <subfield code="a">Descripción: Julián Ribera y Miguel Asín, Manuscritos árabes y aljamiados de la Biblioteca de la Junta, Madrid, Junta para Ampliación de Estudios e Investigaciones Científicas, 1912, p. 150. [Cuaderno, 1, 2, 3, 4]</subfield>
          </datafield>
          <datafield tag="510" ind1="3" ind2=" ">
            <subfield code="a">Descripción: Julián Ribera y Miguel Asín, Manuscritos árabes y aljamiados de la Biblioteca de la Junta, Madrid, Junta para Ampliación de Estudios e Investigaciones Científicas, 1912, pp. 150-151. [Cuaderno, 5]</subfield>
          </datafield>
          <datafield tag="510" ind1="4" ind2=" ">
            <subfield code="a">Bibliografía: Nuria Martínez de Castilla, Edición, estudio y glosario del manuscrito T19 de la Real Academia de la Historia, Madrid, UCM, 2005. Alfredo Mateos y Juan Carlos Villaverde (eds.), Memoria de los moriscos. Escritos y relatos de una diáspora cultural, Madrid, SECC, 2010, p. 202 (reproducción, p. 202) [Cuaderno, 5]. Consuelo López Morillas ""The Genealogy of the Spanish Qur'an," Journal of Islamic Studies, 17 (2006), 255-94. Se cita en el Apéndice A, y en el texto. p. 263, 272, 289. Consuelo López Morillas “Lost and Found? Yça of Segovia and the Qur’an Among the Mudejars and Moriscos,” Journal of Islamic Studies, 10 (1999), 277-92. p. 281</subfield>
          </datafield>
          <datafield tag="520" ind1="2" ind2=" ">
            <subfield code="a">[Cuaderno 1]: Tablas de conversión de fechas islámicas (lunas): 1599-1601, especialmente 1600.</subfield>
          </datafield>
          <datafield tag="520" ind1="2" ind2=" ">
            <subfield code="a">[Cuaderno 2]: Glosario árabe-aljamiado</subfield>
          </datafield>
          <datafield tag="520" ind1="2" ind2=" ">
            <subfield code="a">[Cuaderno 3]: Glosario árabe-aljamiado de términos de diferentes azoras.</subfield>
          </datafield>
          <datafield tag="520" ind1="2" ind2=" ">
            <subfield code="a">[Cuaderno 4]: 1r-3v. Glosario árabe-aljamiado de términos de diferentes azoras. 4r-17r. Traducción interlineada de azoras coránicas. 17v-18r. “Este es el gualardón del bismiAllah”. En árabe.</subfield>
          </datafield>
          <datafield tag="520" ind1="2" ind2=" ">
            <subfield code="a">[Cuaderno 5]: 1.- Ff. 6v-27v. “El hadiz de Muça clm cuando habló con Allah tabaraka wa tacalà en el monte de Turicina” 2.- Ff. 28r-v. Oración en árabe.</subfield>
          </datafield>
          <datafield tag="530" ind1=" " ind2=" ">
            <subfield code="a">María Pilar Martínez Olmo, Colección de manuscritos árabes y aljamiados de la Biblioteca del Instituto de Filología del CSIC [recurso electrónico]: los manuscritos de la Junta, Madrid, CSIC, 1998, 4 Cd-Rom. [1, 2, 3, 4, 5]</subfield>
          </datafield>
          <datafield tag="541" ind1=" " ind2=" ">
            <subfield code="a">Procedencia: Almonacid de la Sierra</subfield>
            <subfield code="d">Ingreso: Junio de 1910</subfield>
          </datafield>
          <datafield tag="546" ind1=" " ind2=" ">
            <subfield code="a">Aljamía</subfield>
            <subfield code="b">con escritura magrebí [1]</subfield>
          </datafield>
          <datafield tag="546" ind1=" " ind2=" ">
            <subfield code="a">Aljamía, Árabe</subfield>
            <subfield code="b">con escritura magrebí [2, 3, 5]</subfield>
          </datafield>
          <datafield tag="546" ind1=" " ind2=" ">
            <subfield code="a">Aljamía y árabe</subfield>
            <subfield code="b">con escritura magrebí, seudocúfico ornamentado y títulos de azoras emulando al cúfico [4]</subfield>
          </datafield>
          <datafield tag="563" ind1=" " ind2=" ">
            <subfield code="a">No [1, 2, 3, 4]</subfield>
          </datafield>
          <datafield tag="563" ind1=" " ind2=" ">
            <subfield code="a">Moderna. Tapas de pasta de papel [5]</subfield>
          </datafield>
          <datafield tag="630" ind1="0" ind2="7">
            <subfield code="a">Corán.</subfield>
            <subfield code="2">CSICAU</subfield>
          </datafield>
          <datafield tag="650" ind1=" " ind2="7">
            <subfield code="a">Manuscritos árabes.</subfield>
            <subfield code="2">CSICAU</subfield>
          </datafield>
          <datafield tag="650" ind1=" " ind2="7">
            <subfield code="a">Manuscritos aljamiados.</subfield>
            <subfield code="2">CSICAU</subfield>
          </datafield>
          <datafield tag="650" ind1=" " ind2="7">
            <subfield code="a">Islam.</subfield>
            <subfield code="2">CSICAU</subfield>
          </datafield>
          <datafield tag="650" ind1=" " ind2="7">
            <subfield code="a">Calendario islámico.</subfield>
            <subfield code="2">CSICAU</subfield>
          </datafield>
          <datafield tag="650" ind1=" " ind2="7">
            <subfield code="a">Refranes y proverbios árabes.</subfield>
            <subfield code="2">CSICAU</subfield>
          </datafield>
          <datafield tag="740" ind1="0" ind2=" ">
            <subfield code="a">Tablas de conversión de fechas islámicas</subfield>
          </datafield>
          <datafield tag="740" ind1="0" ind2=" ">
            <subfield code="a">Glosario árabe-aljamiado</subfield>
          </datafield>
          <datafield tag="740" ind1="0" ind2=" ">
            <subfield code="a">Glosario religioso</subfield>
          </datafield>
          <datafield tag="740" ind1="0" ind2=" ">
            <subfield code="a">Misceláneo léxico religioso.</subfield>
          </datafield>
          <datafield tag="740" ind1="0" ind2=" ">
            <subfield code="a">El hadiz de Muça clm cuando habló con Allah tabaraka wa tacalà en el monte de Turicina</subfield>
          </datafield>
          <datafield tag="830" ind1=" " ind2="0">
            <subfield code="a">Manuscripta</subfield>
          </datafield>
          <datafield tag="856" ind1="4" ind2="1">
            <subfield code="u">http://aleph.csic.es/imagenes/mad01/0006_PMSC/P_001227664_651211_V00.pdf</subfield>
            <subfield code="z">Descargar Pdf completo (6.4M)</subfield>
            <subfield code="m">CSIC</subfield>
          </datafield>
          <datafield tag="856" ind1="4" ind2="1">
            <subfield code="u">http://aleph.csic.es/imagenes/mad01/0006_PMSC/html/001227664.html</subfield>
            <subfield code="z">Ver texto completo en Bookreader</subfield>
          </datafield>
          <datafield tag="856" ind1="4" ind2="1">
            <subfield code="u">http://simurg.csic.es/view/279468</subfield>
            <subfield code="z">Acceso a la versión digitalizada en Simurg</subfield>
          </datafield>
          <datafield tag="---" ind1=" " ind2=" ">
            <subfield code="a">Consuelo López Morillas ""The Genealogy of the Spanish Qur'an," Journal of Islamic Studies, 17 (2006), 255-94. Se citan en el Apéndice A, y en el texto. p.</subfield>
          </datafield>
          <datafield tag="040" ind1=" " ind2=" ">
            <subfield code="a">ES-MaCSI</subfield>
            <subfield code="b">spa</subfield>
          </datafield>
        </record>
      </metadata>
    </record>