
    <record>
      <header>
        <identifier>oai:alma.34CSIC_INST:990012276950204201</identifier>
        <datestamp>2022-07-01T05:01:55Z</datestamp>
        <setSpec>manuscripta</setSpec>
        <setSpec>csic-bibliografico</setSpec>
      </header>
      <metadata>
        <record xmlns="http://www.loc.gov/MARC21/slim" xmlns:xsi="http://www.w3.org/2001/XMLSchema-instance" xsi:schemaLocation="http://www.loc.gov/MARC21/slim http://www.loc.gov/standards/marcxml/schema/MARC21slim.xsd">
          <leader>07126ntm a2200649 i 4500</leader>
          <controlfield tag="005">20220609123406.0</controlfield>
          <controlfield tag="008">100406q1500    sp            000 0 ara d</controlfield>
          <controlfield tag="001">990012276950204201</controlfield>
          <datafield tag="035" ind1=" " ind2=" ">
            <subfield code="a">CSIC001227695</subfield>
          </datafield>
          <datafield tag="035" ind1=" " ind2=" ">
            <subfield code="a">(ES-MaCSI)001227695MAD01-Aleph</subfield>
          </datafield>
          <datafield tag="035" ind1=" " ind2=" ">
            <subfield code="a">(OCoLC)1123726734
</subfield>
          </datafield>
          <datafield tag="080" ind1=" " ind2=" ">
            <subfield code="a">091(=411.21)</subfield>
          </datafield>
          <datafield tag="080" ind1=" " ind2=" ">
            <subfield code="a">28-23</subfield>
          </datafield>
          <datafield tag="100" ind1="1" ind2=" ">
            <subfield code="a">Abī ‘Abdullāh Muḥammad b. Abdullāh b. Abī Zamanīn</subfield>
          </datafield>
          <datafield tag="240" ind1="1" ind2="0">
            <subfield code="a">Comentario del Corán. Ápodo.</subfield>
          </datafield>
          <datafield tag="245" ind1="1" ind2="0">
            <subfield code="a">[Sin título] </subfield>
            <subfield code="h">[Manuscrito]</subfield>
            <subfield code="c">/ Abī ‘Abdullāh Muḥammad b. Abdullāh b. Abī Zamanīn, según comentario de Yaḥyà b. Salām alBaṣri.</subfield>
          </datafield>
          <datafield tag="260" ind1=" " ind2=" ">
            <subfield code="a">[S.l.],</subfield>
            <subfield code="c">[S. a., S. XVI].</subfield>
          </datafield>
          <datafield tag="300" ind1=" " ind2=" ">
            <subfield code="a">153 ff. (Una col., 22 líneas por pág.) :</subfield>
            <subfield code="b">Papel, muy bien conservado ;</subfield>
            <subfield code="c">29x21,5 cm (caja: 20,6x13,3 cm).</subfield>
          </datafield>
          <datafield tag="490" ind1="0" ind2=" ">
            <subfield code="a">Manuscripta</subfield>
          </datafield>
          <datafield tag="500" ind1=" " ind2=" ">
            <subfield code="a">Incipit: (بعد البسملة) قال الفقيه ابو عبد / الله بن ابي زمنين [...] / كَا بَّرْتِذَ ذَا لَش الاَاشْ ذَابَلُّ اَلَاا ذَالَّشْ اَنْتَاشْ كَا اَلَاءَ اُتْرَ.</subfield>
          </datafield>
          <datafield tag="500" ind1=" " ind2=" ">
            <subfield code="a">Explicit: كُنْ لُكَا اُبْرَنْ / درجت من نشا. ان ربك حكيم عليم. شُشْشِيَاربُش.</subfield>
          </datafield>
          <datafield tag="500" ind1=" " ind2=" ">
            <subfield code="a">Tinta marrón oscuro.</subfield>
          </datafield>
          <datafield tag="500" ind1=" " ind2=" ">
            <subfield code="a">Copista: Desconocido</subfield>
          </datafield>
          <datafield tag="500" ind1=" " ind2=" ">
            <subfield code="a">Colofón: No.</subfield>
          </datafield>
          <datafield tag="500" ind1=" " ind2=" ">
            <subfield code="a">Características especiales: Texto árabe en trazos más gruesos; texto aljamiado, más finos.</subfield>
          </datafield>
          <datafield tag="500" ind1=" " ind2=" ">
            <subfield code="a">Ilustración: Dos círculos concéntricos que indican 10 versículos; una “hā’” ornamentada, que indica 5 versículos. Motivos circulares en los márgenes laterales, para indicar las diferentes partes de la recitación: ruba’a, nisf, ḥizb. Cenefa ornamentada con florón semicircular en el margen que marca el cambio de azora.</subfield>
          </datafield>
          <datafield tag="500" ind1=" " ind2=" ">
            <subfield code="a">Ilustraciones: Manecillas. Motivos vegetales; palmetas enfrentadas para completar línea de escritura. Motivos geométricos; serie de tres puntos en forma de pirámide. ‘Unwān con títulos. Panel simple en forma de ángulo recto en margen superior y lateral, que encuadra el texto.</subfield>
          </datafield>
          <datafield tag="500" ind1=" " ind2=" ">
            <subfield code="a">Tipo de cuaderno: Quinión y sexternos</subfield>
          </datafield>
          <datafield tag="500" ind1=" " ind2=" ">
            <subfield code="a">Deterioros: No.</subfield>
          </datafield>
          <datafield tag="500" ind1=" " ind2=" ">
            <subfield code="a">H. en blanco: I, 1r. II hojas de guarda fijas y una volante, al principio y final del volumen, insertadas con nueva encuadernación.</subfield>
          </datafield>
          <datafield tag="500" ind1=" " ind2=" ">
            <subfield code="a">H. dañadas, mutiladas, sueltas: La tinta, matalogálica, dificulta en ocasiones la lectura del texto. En algunos casos de texto árabe con cálamo más grueso, la tinta ha roto el papel y ha sido restaurado.</subfield>
          </datafield>
          <datafield tag="500" ind1=" " ind2=" ">
            <subfield code="a">H. faltan o añadidas: Falta cuaderno 13.</subfield>
          </datafield>
          <datafield tag="500" ind1=" " ind2=" ">
            <subfield code="a">Foliación: 1-152. Moderna, a lápiz, en la esquina superior izquierda del recto. F. 76 repetido.</subfield>
          </datafield>
          <datafield tag="500" ind1=" " ind2=" ">
            <subfield code="a">Reclamos: En horizontal, en la esquina inferior izquierda del verso del último folio del cuaderno.</subfield>
          </datafield>
          <datafield tag="500" ind1=" " ind2=" ">
            <subfield code="a">Sign. cuad.: Numeración a la derecha de reclamos, que coincide con la que aparece en el margen superior derecho del cuaderno siguiente.</subfield>
          </datafield>
          <datafield tag="500" ind1=" " ind2=" ">
            <subfield code="a">Pautado: A punta seca en el vuelto. Prácticamente imperceptible.</subfield>
          </datafield>
          <datafield tag="500" ind1=" " ind2=" ">
            <subfield code="a">Filigrana: Pequeño símbolo ¿alfanumérico? del que solo se distingue un “6”, ya que el otro carácter es apenas imperceptible.</subfield>
          </datafield>
          <datafield tag="500" ind1=" " ind2=" ">
            <subfield code="a">Anotaciones: Al margen, por la misma mano, para completar información.</subfield>
          </datafield>
          <datafield tag="500" ind1=" " ind2=" ">
            <subfield code="a">Signatura antigua: Junta 51</subfield>
          </datafield>
          <datafield tag="510" ind1="3" ind2=" ">
            <subfield code="a">Descripción: Julián Ribera y Miguel Asín, Manuscritos árabes y aljamiados de la Biblioteca de la Junta, Madrid, Junta para Ampliación de Estudios e Investigaciones Científicas, 1912, pp. 189-190.</subfield>
          </datafield>
          <datafield tag="510" ind1="4" ind2=" ">
            <subfield code="a">Bibliografía: Alfonso Carmona González, “Textos jurídico-religiosos islámicos de las épocas mudéjar y morisca”, Áreas: Revista de Ciencias Sociales, 14, 1992, pp. 13-26. Consuelo López Morillas, “The Genealogy of the Spanish Qur’ān”, Journal of Islamic Studies, 17, 2006, p. 255-294. Se cita en el Apéndice A, y en el texto. p. 259, 264, 286. María José Cervera Fras, Manuscritos moriscos aragoneses, Zaragoza, IEIOP, 2010 (reproducción, p. 33). Alfredo Mateos y Juan Carlos Villaverde (eds.), Memoria de los moriscos. Escritos y relatos de una diáspora cultural, Madrid, SECC, 2010, p. 146 (reproducción, p. 147). Consuelo López Morillas "The Moriscos and Christian Doctrine," in Christians, Muslims, and Jews in Medieval and Early Modern Spain: Interaction and Cultural Change, ed. Meyerson, Mark, and Edward D. English (Notre Dame, IN: University of Notre Dame Press, 1999), 290-305. p. 300</subfield>
          </datafield>
          <datafield tag="520" ind1=" " ind2=" ">
            <subfield code="a">1v-152v. Comentario de las 6 primeras azoras del Corán a partir del Tafsir de Yaḥyà b. Salām al-Baṣri.</subfield>
          </datafield>
          <datafield tag="530" ind1=" " ind2=" ">
            <subfield code="a">María Pilar Martínez Olmo, Colección de manuscritos árabes y aljamiados de la Biblioteca del Instituto de Filología del CSIC [recurso electrónico]: los manuscritos de la Junta, Madrid, CSIC, 1998, 4 Cd-Rom.</subfield>
          </datafield>
          <datafield tag="541" ind1=" " ind2=" ">
            <subfield code="a">Procedencia: Almonacid de la Sierra.</subfield>
            <subfield code="d">Ingreso: Junio de 1910.</subfield>
          </datafield>
          <datafield tag="546" ind1=" " ind2=" ">
            <subfield code="a">Árabe y aljamía</subfield>
            <subfield code="b">escritura Magrebí. Letra seudocúfica para títulos de azoras.</subfield>
          </datafield>
          <datafield tag="563" ind1=" " ind2=" ">
            <subfield code="a">Moderna, en cartera. Piel marrón sobre tabla de cartón endurecido. Decoración rectangular simple con doble filete estampado en seco. Motivos florales en los cuatro ángulos.</subfield>
          </datafield>
          <datafield tag="594" ind1=" " ind2="1">
            <subfield code="a">Ms. carece de tít.</subfield>
          </datafield>
          <datafield tag="595" ind1=" " ind2=" ">
            <subfield code="a">Teresa Losada Campo, Estudios sobre coranes aljamiados, tesis doctoral inédita, Barcelona, Universidad Central, 1975, pp. 113-426.</subfield>
          </datafield>
          <datafield tag="650" ind1=" " ind2="7">
            <subfield code="a">Manuscritos árabes.</subfield>
            <subfield code="2">CSICAU</subfield>
          </datafield>
          <datafield tag="650" ind1=" " ind2="7">
            <subfield code="a">Manuscritos aljamiados.</subfield>
            <subfield code="2">CSICAU</subfield>
          </datafield>
          <datafield tag="650" ind1=" " ind2="7">
            <subfield code="a">Tafsir</subfield>
            <subfield code="2">CSICAU</subfield>
          </datafield>
          <datafield tag="630" ind1="0" ind2="7">
            <subfield code="a">Corán</subfield>
            <subfield code="x">Hermenéutica.</subfield>
            <subfield code="2">CSICAU</subfield>
          </datafield>
          <datafield tag="830" ind1=" " ind2="0">
            <subfield code="a">Manuscripta</subfield>
          </datafield>
          <datafield tag="856" ind1="4" ind2="1">
            <subfield code="u">http://aleph.csic.es/imagenes/mad01/0006_PMSC/P_001227695_651264_V00.pdf</subfield>
            <subfield code="z">Descargar Pdf completo (17M)</subfield>
            <subfield code="m">CSIC</subfield>
          </datafield>
          <datafield tag="856" ind1="4" ind2="1">
            <subfield code="u">http://aleph.csic.es/imagenes/mad01/0006_PMSC/html/001227695.html</subfield>
            <subfield code="z">Ver texto completo en Bookreader</subfield>
          </datafield>
          <datafield tag="856" ind1="4" ind2="1">
            <subfield code="u">http://simurg.csic.es/view/281794</subfield>
            <subfield code="z">Acceso a la versión digitalizada en Simurg</subfield>
          </datafield>
          <datafield tag="040" ind1=" " ind2=" ">
            <subfield code="a">ES-MaCSI</subfield>
            <subfield code="b">spa</subfield>
          </datafield>
        </record>
      </metadata>
    </record>