
    <record>
      <header>
        <identifier>oai:alma.34CSIC_INST:990012275590204201</identifier>
        <datestamp>2022-07-01T05:01:55Z</datestamp>
        <setSpec>manuscripta</setSpec>
        <setSpec>csic-bibliografico</setSpec>
      </header>
      <metadata>
        <record xmlns="http://www.loc.gov/MARC21/slim" xmlns:xsi="http://www.w3.org/2001/XMLSchema-instance" xsi:schemaLocation="http://www.loc.gov/MARC21/slim http://www.loc.gov/standards/marcxml/schema/MARC21slim.xsd">
          <leader>10326ntm a2200685 i 4500</leader>
          <controlfield tag="005">20220609123407.0</controlfield>
          <controlfield tag="008">100331q14181418sp            000 0 ara d</controlfield>
          <controlfield tag="001">990012275590204201</controlfield>
          <datafield tag="035" ind1=" " ind2=" ">
            <subfield code="a">CSIC001227559</subfield>
          </datafield>
          <datafield tag="035" ind1=" " ind2=" ">
            <subfield code="a">(ES-MaCSI)001227559MAD01-Aleph</subfield>
          </datafield>
          <datafield tag="035" ind1=" " ind2=" ">
            <subfield code="a">(OCoLC)1123854695
</subfield>
          </datafield>
          <datafield tag="080" ind1=" " ind2=" ">
            <subfield code="a">091(=411.21)</subfield>
          </datafield>
          <datafield tag="080" ind1=" " ind2=" ">
            <subfield code="a">28</subfield>
          </datafield>
          <datafield tag="080" ind1=" " ind2=" ">
            <subfield code="a">348.9:28</subfield>
          </datafield>
          <datafield tag="100" ind1="1" ind2=" ">
            <subfield code="a">مُحَمَّد بْن علي بْن مُحَمَّد بْن الْفَخَّارِ الجُزامي</subfield>
          </datafield>
          <datafield tag="245" ind1="1" ind2="0">
            <subfield code="a">كِتَابُ مَنظومِ الدُرَرِ فِي شَرْح كِتَابِ المُخْتَصَرِ</subfield>
            <subfield code="h">[Manuscrito]</subfield>
          </datafield>
          <datafield tag="260" ind1=" " ind2=" ">
            <subfield code="a">Huesca,</subfield>
            <subfield code="c">1418 [12 muḥarram 821/19 febrero 1418].</subfield>
          </datafield>
          <datafield tag="300" ind1=" " ind2=" ">
            <subfield code="a">80 ff. y uno de guarda (1 col. 19 líneas por pág.) :</subfield>
            <subfield code="b">Papel tratado ;</subfield>
            <subfield code="c">22x15 cm. (caja: 15,6x10 cm.).</subfield>
          </datafield>
          <datafield tag="490" ind1="0" ind2=" ">
            <subfield code="a">Manuscripta</subfield>
          </datafield>
          <datafield tag="500" ind1=" " ind2=" ">
            <subfield code="a">Incipit:[بسملة وتصلية] قَالَ الشَيْخُ الفقيه الْاستَاذُ العَالِمُ الْعَلَمُ الزَاهِدُ الوَرِعُ مِصْبَحُ السنةِ ومُفْتِى الأمّةِ ابُو بَكْر مُحَمَّدُ ابْنُ عَلِي بن محمّد بن الفَخَار الجُزامي رضي الله عنه</subfield>
          </datafield>
          <datafield tag="500" ind1=" " ind2=" ">
            <subfield code="a">Explicit:وقد كمل المراد باعانة الله وتوفيقه من شَرْح هذا المختصر على نحْو ماذ كره مختصره من الحديث والفقه والنظر والحمد لله على ذلك اخِرًا واوَّلاً والصلاة على محمد رسوله البدر الكملا وعلى اله وصحبه ما فاح القرنفلا</subfield>
          </datafield>
          <datafield tag="500" ind1=" " ind2=" ">
            <subfield code="a">Tinta: Tinta negra</subfield>
          </datafield>
          <datafield tag="500" ind1=" " ind2=" ">
            <subfield code="a">Copista: بن شداد بن ذي جنبر</subfield>
          </datafield>
          <datafield tag="500" ind1=" " ind2=" ">
            <subfield code="a">Colofón: [...] كتاب منظوم الدرر في شَرحِ كتاب المختصر بحمد الله وعونه [...] على محمد واله وكان الفراغ منه في مدينة وشكة [...] السبت لاثنين عشر من شهر المحرم موافقا لتسعة عشر يوْما [...] وعشرين وثمان ماية على يدي العبد الفقير [...]وغفرانه في يومٍ لاعفو الاعفوه [...] بن شداد بن ذي جنبر ايّدهُ الله [...] امرَّهُ</subfield>
          </datafield>
          <datafield tag="500" ind1=" " ind2=" ">
            <subfield code="a">Características especiales: Tiene un error en el nombre del autor. En el manuscrito aparece como al-Yuzāmī, y en realidad se trata de al-Ŷuḏāmī.</subfield>
          </datafield>
          <datafield tag="500" ind1=" " ind2=" ">
            <subfield code="a">Ilustración: No.</subfield>
          </datafield>
          <datafield tag="500" ind1=" " ind2=" ">
            <subfield code="a">Ilustraciones: No.</subfield>
          </datafield>
          <datafield tag="500" ind1=" " ind2=" ">
            <subfield code="a">Tipo de cuaderno: 7 cuadernos de 5 y 6 bifolios.</subfield>
          </datafield>
          <datafield tag="500" ind1=" " ind2=" ">
            <subfield code="a">Deterioros generales: Volumen sin encuadernación, cosido pero en mal estado, y humedades en los folios que han afectado al texto.</subfield>
          </datafield>
          <datafield tag="500" ind1=" " ind2=" ">
            <subfield code="a">H. en blanco: No.</subfield>
          </datafield>
          <datafield tag="500" ind1=" " ind2=" ">
            <subfield code="a">H. dañadas, mutiladas, sueltas: Mutiladas: 1, 61-80, y la hoja de guarda. Sueltas: 1, 11, 79, 80, y hoja de guarda.</subfield>
          </datafield>
          <datafield tag="500" ind1=" " ind2=" ">
            <subfield code="a">H. faltan o añadidas: No.</subfield>
          </datafield>
          <datafield tag="500" ind1=" " ind2=" ">
            <subfield code="a">Foliación: Foliado a lápiz en el margen superior izquierdo del recto.</subfield>
          </datafield>
          <datafield tag="500" ind1=" " ind2=" ">
            <subfield code="a">Reclamos: No.</subfield>
          </datafield>
          <datafield tag="500" ind1=" " ind2=" ">
            <subfield code="a">Signatura de cuaderno: No.</subfield>
          </datafield>
          <datafield tag="500" ind1=" " ind2=" ">
            <subfield code="a">Pautado: No se aprecia. Distancia interlineal: 0,8-1,1.</subfield>
          </datafield>
          <datafield tag="500" ind1=" " ind2=" ">
            <subfield code="a">Filigrana: No se aprecia por el mal estado del papel.</subfield>
          </datafield>
          <datafield tag="500" ind1=" " ind2=" ">
            <subfield code="a">Signatura antigua: Junta 31</subfield>
          </datafield>
          <datafield tag="500" ind1=" " ind2=" ">
            <subfield code="a">Anotaciones: Anotaciones marginales contemporáneas a la copia. Anotaciones en la hoja de guarda. f. 1r: مسئلة في الصلاة f. 1r: a lápiz: “Ms 31 folio I vº” f. 80 v: principio de una وصية على ميت</subfield>
          </datafield>
          <datafield tag="510" ind1="3" ind2=" ">
            <subfield code="a">Descripción: J. Ribera y M. Asín (dirs.), Manuscritos árabes y aljamiados de la biblioteca de la Junta: noticia y extractos, Madrid: Junta para la ampliación de Estudios e Investigaciones Científicas, 1912, 124-128.</subfield>
          </datafield>
          <datafield tag="510" ind1="4" ind2=" ">
            <subfield code="a">Bibliografía: J. Ribera y M. Asín (dirs.), Manuscritos árabes y aljamiados de la biblioteca de la Junta: noticia y extractos, Madrid: Junta para la ampliación de Estudios e Investigaciones Científicas, 1912, 124-128. -ʽAlī b. ʽIsà aṭ-Ṭulayṭulī, Muḥtaṣar, edición, tradución y estudio de MªJosé Cervera, Madrid: CSIC, AECI, 2000.</subfield>
          </datafield>
          <datafield tag="520" ind1="2" ind2=" ">
            <subfield code="a">Compendio de liturgia y jurisprudencia escrito en forma de comentario del Mujtaṣar de al-Ṭulaytulī, titulado Kitāb manẓūm al-durar fī šarḥ kitāb al-mujtaṣar, de Abū ʽAbd Allāh Muḥammad b Muḥammad al-Fajjār al-Ŷuḏāmī (m. 723/1323).</subfield>
          </datafield>
          <datafield tag="530" ind1=" " ind2=" ">
            <subfield code="a">Mª del P. Martínez Olmo, Colección de manuscritos árabes y aljamiados de la Biblioteca del Instituto de Filología del CSIC, Instituto de Filología CSIC, Madrid, 1998 (4 Cd-Rom), CD 3. -Instituto Miguel Asín de Estudios Arabes, Colección de manuscritos árabes y aljamiados, Microforma, Madrid: 1983-84, 25 rollos, Ms. 28 a 31.</subfield>
          </datafield>
          <datafield tag="541" ind1=" " ind2=" ">
            <subfield code="a">Procedencia: Almonacid de la Sierra. Pablo Gil. Sección Árabe Centro de Estudios Históricos (JAE). Escuela de Estudios Árabes de Madrid. Instituto de Filología, CSIC.</subfield>
            <subfield code="d">Ingreso: Junio de 1910.</subfield>
          </datafield>
          <datafield tag="546" ind1=" " ind2=" ">
            <subfield code="a">Árabe</subfield>
            <subfield code="b">con escritura magrebí.</subfield>
          </datafield>
          <datafield tag="563" ind1=" " ind2=" ">
            <subfield code="a">Sólo se conserva una de las tapas de piel con un papel pegado.</subfield>
          </datafield>
          <datafield tag="595" ind1=" " ind2=" ">
            <subfield code="a">No.</subfield>
          </datafield>
          <datafield tag="650" ind1=" " ind2="7">
            <subfield code="a">Manuscritos árabes.</subfield>
            <subfield code="2">CSICAU</subfield>
          </datafield>
          <datafield tag="650" ind1=" " ind2="7">
            <subfield code="a">Manuscritos aljamiados.</subfield>
            <subfield code="2">CSICAU</subfield>
          </datafield>
          <datafield tag="650" ind1=" " ind2="7">
            <subfield code="a">Islam.</subfield>
            <subfield code="2">CSICAU</subfield>
          </datafield>
          <datafield tag="650" ind1=" " ind2="7">
            <subfield code="a">Derecho islámico.</subfield>
            <subfield code="2">CSICAU</subfield>
          </datafield>
          <datafield tag="700" ind1="1" ind2=" ">
            <subfield code="a">Muḥammad b. ʽAlī Muḥammad b. al-Fajjār al-Yuzāmī</subfield>
          </datafield>
          <datafield tag="700" ind1="1" ind2=" ">
            <subfield code="a">[Abū ʽAbd Allāh Muḥammad b Muḥammad al-Fajjār al-Ŷuḏāmī]</subfield>
          </datafield>
          <datafield tag="700" ind1="1" ind2=" ">
            <subfield code="a">بن شداد بن ذي جنبر</subfield>
          </datafield>
          <datafield tag="740" ind1="0" ind2=" ">
            <subfield code="a">Kitāb manẓūm al-durar fī šarḥ kitāb al-mujtaṣar</subfield>
          </datafield>
          <datafield tag="830" ind1=" " ind2="0">
            <subfield code="a">Manuscripta</subfield>
          </datafield>
          <datafield tag="856" ind1="4" ind2="1">
            <subfield code="u">http://aleph.csic.es/imagenes/mad01/0006_PMSC/P_001227559_650971_V00.pdf</subfield>
            <subfield code="z">Descargar Pdf completo (9.4M)</subfield>
            <subfield code="m">CSIC</subfield>
          </datafield>
          <datafield tag="856" ind1="4" ind2="1">
            <subfield code="u">http://aleph.csic.es/imagenes/mad01/0006_PMSC/html/001227559.html</subfield>
            <subfield code="z">Ver texto completo en Bookreader</subfield>
          </datafield>
          <datafield tag="856" ind1="4" ind2="1">
            <subfield code="u">http://simurg.csic.es/view/276372</subfield>
            <subfield code="z">Acceso a la versión digitalizada en Simurg</subfield>
          </datafield>
          <datafield tag="040" ind1=" " ind2=" ">
            <subfield code="a">ES-MaCSI</subfield>
            <subfield code="b">spa</subfield>
          </datafield>
        </record>
      </metadata>
    </record>