
    <record>
      <header>
        <identifier>oai:alma.34CSIC_INST:990012275380204201</identifier>
        <datestamp>2022-07-01T05:01:55Z</datestamp>
        <setSpec>manuscripta</setSpec>
        <setSpec>csic-bibliografico</setSpec>
      </header>
      <metadata>
        <record xmlns="http://www.loc.gov/MARC21/slim" xmlns:xsi="http://www.w3.org/2001/XMLSchema-instance" xsi:schemaLocation="http://www.loc.gov/MARC21/slim http://www.loc.gov/standards/marcxml/schema/MARC21slim.xsd">
          <leader>04818ntm a2200601 i 4500</leader>
          <controlfield tag="005">20220609123407.0</controlfield>
          <controlfield tag="008">100331q1500    sp            000 0 ara d</controlfield>
          <controlfield tag="001">990012275380204201</controlfield>
          <datafield tag="035" ind1=" " ind2=" ">
            <subfield code="a">CSIC001227538</subfield>
          </datafield>
          <datafield tag="035" ind1=" " ind2=" ">
            <subfield code="a">(ES-MaCSI)001227538MAD01-Aleph</subfield>
          </datafield>
          <datafield tag="035" ind1=" " ind2=" ">
            <subfield code="a">(OCoLC)1123920679
</subfield>
          </datafield>
          <datafield tag="080" ind1=" " ind2=" ">
            <subfield code="a">091(=411.21)</subfield>
          </datafield>
          <datafield tag="080" ind1=" " ind2=" ">
            <subfield code="a">28-534.3</subfield>
          </datafield>
          <datafield tag="245" ind1="1" ind2="0">
            <subfield code="a">[Oraciones y cuentas]</subfield>
            <subfield code="h">[Manuscrito]</subfield>
          </datafield>
          <datafield tag="260" ind1=" " ind2=" ">
            <subfield code="a">[S.l.],</subfield>
            <subfield code="c">[s.f., S. XVI].</subfield>
          </datafield>
          <datafield tag="300" ind1=" " ind2=" ">
            <subfield code="a">88 ff. (Una col., entre 11 y 17 líneas por pág.) :</subfield>
            <subfield code="b">papel ;</subfield>
            <subfield code="c">18,7 x 14,4 cms (caja: 13,1 x 9,5 cm.).</subfield>
          </datafield>
          <datafield tag="490" ind1="0" ind2=" ">
            <subfield code="a">Manuscripta</subfield>
          </datafield>
          <datafield tag="500" ind1=" " ind2=" ">
            <subfield code="a">Incipit: مَام مُرِيَ ذَالَشْبَاشْتِيَشْ كَامِسَارُ مَا ذَابَا اَبِلَّ رَّااَلْ</subfield>
          </datafield>
          <datafield tag="500" ind1=" " ind2=" ">
            <subfield code="a">Explicit: لَمُرَبَّرَلُبِّشْ بِنْتَا اِيُجُّ مَشْ لَمُرَ بَّرَاَمَرْكُ َانْذُشْ بَازَاشْ اُجُ</subfield>
          </datafield>
          <datafield tag="500" ind1=" " ind2=" ">
            <subfield code="a">Tinta: Marrón oscura, amarilla y roja.</subfield>
          </datafield>
          <datafield tag="500" ind1=" " ind2=" ">
            <subfield code="a">Copista: Varias manos.</subfield>
          </datafield>
          <datafield tag="500" ind1=" " ind2=" ">
            <subfield code="a">Colofón: No.</subfield>
          </datafield>
          <datafield tag="500" ind1=" " ind2=" ">
            <subfield code="a">Características especiales: F. 68 al revés.</subfield>
          </datafield>
          <datafield tag="500" ind1=" " ind2=" ">
            <subfield code="a">Ilustración: No.</subfield>
          </datafield>
          <datafield tag="500" ind1=" " ind2=" ">
            <subfield code="a">Ilustraciones: Cenefas simples monocromas.</subfield>
          </datafield>
          <datafield tag="500" ind1=" " ind2=" ">
            <subfield code="a">Tipo de cuaderno: Cuadernos de 10, 11 y 12 bifolios.</subfield>
          </datafield>
          <datafield tag="500" ind1=" " ind2=" ">
            <subfield code="a">Deterioros: Manchas de humedad en la parte superior del códice, que afecta a la buena lectura de los últimos folios. Humedad de menor envergadura en la parte inferior del margen exterior. Suciedad en el papel. Último folio muy dañado. Cortes deteriorados.</subfield>
          </datafield>
          <datafield tag="500" ind1=" " ind2=" ">
            <subfield code="a">H. en blanco: 8r-v, 9v, 13v-21r, 47v, 60v, 62r, 67r-v, 76v-78r, 79r-v, 81v.</subfield>
          </datafield>
          <datafield tag="500" ind1=" " ind2=" ">
            <subfield code="a">H. dañadas, mutiladas, sueltas: Sueltos: 53-54.</subfield>
          </datafield>
          <datafield tag="500" ind1=" " ind2=" ">
            <subfield code="a">H. faltan o añadidas: Faltan dos folios entre 14 y 15.</subfield>
          </datafield>
          <datafield tag="500" ind1=" " ind2=" ">
            <subfield code="a">Foliación: 1-88. A lápiz, en esquina superior derecha del verso de cada folio. Salto de 9 a 11; falta 15a.</subfield>
          </datafield>
          <datafield tag="500" ind1=" " ind2=" ">
            <subfield code="a">Reclamos: No se aprecian.</subfield>
          </datafield>
          <datafield tag="500" ind1=" " ind2=" ">
            <subfield code="a">Sign. cuaderno: No.</subfield>
          </datafield>
          <datafield tag="500" ind1=" " ind2=" ">
            <subfield code="a">Pautado: A punta seca.</subfield>
          </datafield>
          <datafield tag="500" ind1=" " ind2=" ">
            <subfield code="a">Filigrana: Mano con estrella.</subfield>
          </datafield>
          <datafield tag="500" ind1=" " ind2=" ">
            <subfield code="a">Signatura antigua: Junta 24</subfield>
          </datafield>
          <datafield tag="500" ind1=" " ind2=" ">
            <subfield code="a">Anotaciones: Posteriores, aprovechando espacios y hojas en blanco. Muchas pruebas de pluma y caligráficas.</subfield>
          </datafield>
          <datafield tag="510" ind1="3" ind2=" ">
            <subfield code="a">Descripción: Julián Ribera y Miguel Asín, Manuscritos árabes y aljamiados de la Biblioteca de la Junta, Madrid, Junta para Ampliación de Estudios e Investigaciones Científicas, 1912, pp. 108-109.</subfield>
          </datafield>
          <datafield tag="520" ind1=" " ind2=" ">
            <subfield code="a">1r-7v. [Cuentas de Juan Meçod] 9r. [Oración.] 10r-13r. [Adua.] 21v-46v-60r. [Azoras.] 61r-v [Attaḥiatu] 62v-66r. “La orden de los cinco açalaes y cómo se an de fazer”. 68r-70v. [Carta para la fuesa] 70v-76r. [ Hadiz sobre las ventajas de los días de la semana para la oración] 82r-v. [Cuentas.]</subfield>
          </datafield>
          <datafield tag="530" ind1=" " ind2=" ">
            <subfield code="a">María Pilar Martínez Olmo, Colección de manuscritos árabes y aljamiados de la Biblioteca del Instituto de Filología del CSIC [recurso electrónico]: los manuscritos de la Junta, Madrid, CSIC, 1998, 4 Cd-Rom.</subfield>
          </datafield>
          <datafield tag="541" ind1=" " ind2=" ">
            <subfield code="a">Procedencia: Almonacid de la Sierra.</subfield>
            <subfield code="d">Ingreso: Junio de 1910.</subfield>
          </datafield>
          <datafield tag="546" ind1=" " ind2=" ">
            <subfield code="a">Aljamía y árabe</subfield>
            <subfield code="b">con escrituta magrebí, seudocúfica y humanística.</subfield>
          </datafield>
          <datafield tag="563" ind1=" " ind2=" ">
            <subfield code="a">Pergamino en muy mal estado</subfield>
          </datafield>
          <datafield tag="594" ind1=" " ind2="1">
            <subfield code="a">Responsabilidad desconocida</subfield>
          </datafield>
          <datafield tag="595" ind1=" " ind2=" ">
            <subfield code="a">María Jesús Viguera Molins, “Cuentas aljamiadas de Joan Meçod (Almonacid de la Sierra, siglo XVI), en Estudios dedicados al profesor Juan Martínez Ruiz, Granada, Universidad, 1991, pp. 129-141.</subfield>
          </datafield>
          <datafield tag="650" ind1=" " ind2="7">
            <subfield code="a">Manuscritos árabes.</subfield>
            <subfield code="2">CSICAU</subfield>
          </datafield>
          <datafield tag="650" ind1=" " ind2="7">
            <subfield code="a">Manuscritos aljamiados.</subfield>
            <subfield code="2">CSICAU</subfield>
          </datafield>
          <datafield tag="650" ind1=" " ind2="7">
            <subfield code="a">Oraciones.</subfield>
            <subfield code="2">CSICAU</subfield>
          </datafield>
          <datafield tag="830" ind1=" " ind2="0">
            <subfield code="a">Manuscripta</subfield>
          </datafield>
          <datafield tag="856" ind1="4" ind2="1">
            <subfield code="u">http://aleph.csic.es/imagenes/mad01/0006_PMSC/P_001227538_650944_V00.pdf</subfield>
            <subfield code="z">Descargar Pdf completo (6.2M)</subfield>
            <subfield code="m">CSIC</subfield>
          </datafield>
          <datafield tag="856" ind1="4" ind2="1">
            <subfield code="u">http://aleph.csic.es/imagenes/mad01/0006_PMSC/html/001227538.html</subfield>
            <subfield code="z">Ver texto completo en Bookreader</subfield>
          </datafield>
          <datafield tag="856" ind1="4" ind2="1">
            <subfield code="u">http://simurg.csic.es/view/274934</subfield>
            <subfield code="z">Acceso a la versión digitalizada en Simurg</subfield>
          </datafield>
          <datafield tag="040" ind1=" " ind2=" ">
            <subfield code="a">ES-MaCSI</subfield>
            <subfield code="b">spa</subfield>
          </datafield>
        </record>
      </metadata>
    </record>