
    <record>
      <header>
        <identifier>oai:alma.34CSIC_INST:990012275270204201</identifier>
        <datestamp>2022-07-01T05:01:55Z</datestamp>
        <setSpec>manuscripta</setSpec>
        <setSpec>csic-bibliografico</setSpec>
      </header>
      <metadata>
        <record xmlns="http://www.loc.gov/MARC21/slim" xmlns:xsi="http://www.w3.org/2001/XMLSchema-instance" xsi:schemaLocation="http://www.loc.gov/MARC21/slim http://www.loc.gov/standards/marcxml/schema/MARC21slim.xsd">
          <leader>07993ntm a2200625 i 4500</leader>
          <controlfield tag="005">20220609123409.0</controlfield>
          <controlfield tag="008">100331q14911491sp            000 0 ara d</controlfield>
          <controlfield tag="001">990012275270204201</controlfield>
          <datafield tag="035" ind1=" " ind2=" ">
            <subfield code="a">CSIC001227527</subfield>
          </datafield>
          <datafield tag="035" ind1=" " ind2=" ">
            <subfield code="a">(ES-MaCSI)001227527MAD01-Aleph</subfield>
          </datafield>
          <datafield tag="035" ind1=" " ind2=" ">
            <subfield code="a">(OCoLC)1123911956
</subfield>
          </datafield>
          <datafield tag="080" ind1=" " ind2=" ">
            <subfield code="a">091(=411.21)</subfield>
          </datafield>
          <datafield tag="080" ind1=" " ind2=" ">
            <subfield code="a">811.411.21'36</subfield>
          </datafield>
          <datafield tag="100" ind1="1" ind2=" ">
            <subfield code="a">ابُو القَاسِم عَبْد الَّرحَمن بن اسحاق الزجَاجِي النحوي</subfield>
          </datafield>
          <datafield tag="245" ind1="1" ind2="0">
            <subfield code="a">[كتاب الجمل في النحو]</subfield>
            <subfield code="h">[Manuscrito]</subfield>
          </datafield>
          <datafield tag="260" ind1=" " ind2=" ">
            <subfield code="a">[S.l.],</subfield>
            <subfield code="c">1491 [15 Rabi, al-awwal 896/26 enero 1491].</subfield>
          </datafield>
          <datafield tag="300" ind1=" " ind2=" ">
            <subfield code="a">146 ff. y 6 de guardas ( col.,15 líneas por pág.) :</subfield>
            <subfield code="b">Papel tratado ;</subfield>
            <subfield code="c">21,8x15 cm. (caja: 15,5x10 cm.).</subfield>
          </datafield>
          <datafield tag="490" ind1="0" ind2=" ">
            <subfield code="a">Manuscripta</subfield>
          </datafield>
          <datafield tag="500" ind1=" " ind2=" ">
            <subfield code="a">Incipit: [بسملة وتصلية] قال ابُو القَاسِم عَبْدُ الرَحْمَن بن اسْحَاق الزجاجي النحوي رَحِمَهُ اللهَ تعلى اقْسَامُ الْكَلاَمِ ثَلاَثَةٌ اِسْمٌ وَفِعْلٌ وَحَرْفٌ جَاَءَ لِمَعْنىً فَالاِسْمُ مَا حَازَ انْ يَكُونَ فَاعِلاً اَوْ مَفْعُولاً اَوْ دَخَلَ</subfield>
          </datafield>
          <datafield tag="500" ind1=" " ind2=" ">
            <subfield code="a">Explicit:قَالَ الشاعِرُ فَمَا سُبِقَ الْقَيْسِي مِنْ سُوء سِيرَةٍ ولكِن [طبت] علماء غُزْلَةُ خَلِد يريد على المَاءِ.</subfield>
          </datafield>
          <datafield tag="500" ind1=" " ind2=" ">
            <subfield code="a">Tinta Negra.</subfield>
          </datafield>
          <datafield tag="500" ind1=" " ind2=" ">
            <subfield code="a">1 copista desconocido.</subfield>
          </datafield>
          <datafield tag="500" ind1=" " ind2=" ">
            <subfield code="a">Colofón: تمّ جَمِيعُ الكتَاب بِحمْدُ لله وَحسن عَوْنِهِ وَصَلى لله عَلَى محمّد المُصطَفَى نَبيه وعبدِهِ وكان الفراغ منه في يوم الاربعاءِ في العشر الاوسط لشهر ربيع الاول سنة ستة وتسعين ثمان مائا.</subfield>
          </datafield>
          <datafield tag="500" ind1=" " ind2=" ">
            <subfield code="a">Características especiales: Enc. y volumen restaurado.</subfield>
          </datafield>
          <datafield tag="500" ind1=" " ind2=" ">
            <subfield code="a">Ilustración: No.</subfield>
          </datafield>
          <datafield tag="500" ind1=" " ind2=" ">
            <subfield code="a">Ilustraciones: No.</subfield>
          </datafield>
          <datafield tag="500" ind1=" " ind2=" ">
            <subfield code="a">Tipo de cuaderno: Imposible ver por la encuadernación moderna.</subfield>
          </datafield>
          <datafield tag="500" ind1=" " ind2=" ">
            <subfield code="a">Deterioros generales: Buen estado de conservación.</subfield>
          </datafield>
          <datafield tag="500" ind1=" " ind2=" ">
            <subfield code="a">H. en blanco: No.</subfield>
          </datafield>
          <datafield tag="500" ind1=" " ind2=" ">
            <subfield code="a">H. dañadas, mutiladas, sueltas: No.</subfield>
          </datafield>
          <datafield tag="500" ind1=" " ind2=" ">
            <subfield code="a">H. faltan o añadidas: No.</subfield>
          </datafield>
          <datafield tag="500" ind1=" " ind2=" ">
            <subfield code="a">Foliación: ff. 1-94: foliación contemporánea a la copia, a tinta, en el margen superior del verso. ff. 95-146: foliación posterior, a lápiz azul, en el margen superior derecho del verso.</subfield>
          </datafield>
          <datafield tag="500" ind1=" " ind2=" ">
            <subfield code="a">Reclamos: En el verso de todos los folios.</subfield>
          </datafield>
          <datafield tag="500" ind1=" " ind2=" ">
            <subfield code="a">Signatura de cuaderno: Sí.</subfield>
          </datafield>
          <datafield tag="500" ind1=" " ind2=" ">
            <subfield code="a">Pautado: No se aprecia. Distancia interlineal: 1-1,2 cm.</subfield>
          </datafield>
          <datafield tag="500" ind1=" " ind2=" ">
            <subfield code="a">Filigrana: ff. 2, 6, 8, 13,: mano similar a Briquet nº10698. ff. 15 y 16: mano con flor similar a Briquet nº11155.</subfield>
          </datafield>
          <datafield tag="500" ind1=" " ind2=" ">
            <subfield code="a">Signatura antigua: A lápiz: “Antiguo nº97=151. Moderno nº19”. Junta 19</subfield>
          </datafield>
          <datafield tag="500" ind1=" " ind2=" ">
            <subfield code="a">Anotaciones: Múltiples en las hojas de guarda, borradores de escritura. Algunas anotaciones marginales.</subfield>
          </datafield>
          <datafield tag="510" ind1="3" ind2=" ">
            <subfield code="a">Descripción y Bibliografía: J. Ribera y M. Asín (dirs.), Manuscritos árabes y aljamiados de la biblioteca de la Junta: noticia y extractos, Madrid: Junta para la ampliación de Estudios e Investigaciones Científicas, 1912, 91-92.</subfield>
          </datafield>
          <datafield tag="520" ind1="2" ind2=" ">
            <subfield code="a">Obra de gramática de Abū ʼl-Q. ʽAr. b Isḥāq az-Zaggāgī (m. 337/949), titulada K. al-gumal, (GAL, S. I, 170).</subfield>
          </datafield>
          <datafield tag="530" ind1=" " ind2=" ">
            <subfield code="a">Mª del P. Martínez Olmo, Colección de manuscritos árabes y aljamiados de la Biblioteca del Instituto de Filología del CSIC, Instituto de Filología CSIC, Madrid, 1998 (4 Cd-Rom), CD 2. -Instituto Miguel Asín de Estudios Arabes, Colección de manuscritos árabes y aljamiados, Microforma, Madrid: 1983-84, 25 rollos, Ms. 18 a 20.</subfield>
          </datafield>
          <datafield tag="541" ind1=" " ind2=" ">
            <subfield code="a">Procedencia: Almonacid de la Sierra. Pablo Gil. Sección Árabe Centro de Estudios Históricos (JAE). Escuela de Estudios Árabes de Madrid. Instituto de Filología, CSIC.</subfield>
            <subfield code="d">Ingreso: Junio 1910.</subfield>
          </datafield>
          <datafield tag="546" ind1=" " ind2=" ">
            <subfield code="a">Árabe</subfield>
            <subfield code="b">con escritura magrebí</subfield>
          </datafield>
          <datafield tag="563" ind1=" " ind2=" ">
            <subfield code="a">Enc. restaurada en piel roja sobre cartón con dibujos geométricos grabados y un sello de Salomón. 2 hojas de guarda modernas y 6 antiguas.</subfield>
          </datafield>
          <datafield tag="595" ind1=" " ind2=" ">
            <subfield code="a">No.</subfield>
          </datafield>
          <datafield tag="650" ind1=" " ind2="7">
            <subfield code="a">Manuscritos árabes.</subfield>
            <subfield code="2">CSICAU</subfield>
          </datafield>
          <datafield tag="650" ind1=" " ind2="7">
            <subfield code="a">Manuscritos aljamiados.</subfield>
            <subfield code="2">CSICAU</subfield>
          </datafield>
          <datafield tag="650" ind1=" " ind2="7">
            <subfield code="a">Arabe</subfield>
            <subfield code="x">Gramática.</subfield>
            <subfield code="2">CSICAU</subfield>
          </datafield>
          <datafield tag="700" ind1="1" ind2=" ">
            <subfield code="a">Abū al-Qāsim ʽAbd al-Raḥman b. Isḥāq al-Zaŷŷaŷī al-Naḥawī</subfield>
          </datafield>
          <datafield tag="740" ind1="0" ind2=" ">
            <subfield code="a">[Kitāb al-ŷumal fi-l-naḥū]</subfield>
          </datafield>
          <datafield tag="830" ind1=" " ind2="0">
            <subfield code="a">Manuscripta</subfield>
          </datafield>
          <datafield tag="856" ind1="4" ind2="1">
            <subfield code="u">http://aleph.csic.es/imagenes/mad01/0006_PMSC/P_001227527_650924_V00.pdf</subfield>
            <subfield code="z">Descargar Pdf completo (27M)</subfield>
            <subfield code="m">CSIC</subfield>
          </datafield>
          <datafield tag="856" ind1="4" ind2="1">
            <subfield code="u">http://aleph.csic.es/imagenes/mad01/0006_PMSC/html/001227527.html</subfield>
            <subfield code="z">Ver texto completo en Bookreader</subfield>
          </datafield>
          <datafield tag="856" ind1="4" ind2="1">
            <subfield code="u">http://simurg.csic.es/view/272654</subfield>
            <subfield code="z">Acceso a la versión digitalizada en Simurg</subfield>
          </datafield>
          <datafield tag="040" ind1=" " ind2=" ">
            <subfield code="a">ES-MaCSI</subfield>
            <subfield code="b">spa</subfield>
          </datafield>
        </record>
      </metadata>
    </record>