
    <record>
      <header>
        <identifier>oai:alma.34CSIC_INST:990012277040204201</identifier>
        <datestamp>2022-07-01T05:01:55Z</datestamp>
        <setSpec>manuscripta</setSpec>
        <setSpec>csic-bibliografico</setSpec>
      </header>
      <metadata>
        <record xmlns="http://www.loc.gov/MARC21/slim" xmlns:xsi="http://www.w3.org/2001/XMLSchema-instance" xsi:schemaLocation="http://www.loc.gov/MARC21/slim http://www.loc.gov/standards/marcxml/schema/MARC21slim.xsd">
          <leader>08003ntm a2200565 i 4500</leader>
          <controlfield tag="005">20220609123409.0</controlfield>
          <controlfield tag="008">100406q1500    sp            000 0 ara d</controlfield>
          <controlfield tag="001">990012277040204201</controlfield>
          <datafield tag="035" ind1=" " ind2=" ">
            <subfield code="a">CSIC001227704</subfield>
          </datafield>
          <datafield tag="035" ind1=" " ind2=" ">
            <subfield code="a">(ES-MaCSI)001227704MAD01-Aleph</subfield>
          </datafield>
          <datafield tag="035" ind1=" " ind2=" ">
            <subfield code="a">(OCoLC)1123950934
</subfield>
          </datafield>
          <datafield tag="080" ind1=" " ind2=" ">
            <subfield code="a">091(=411.21)</subfield>
          </datafield>
          <datafield tag="245" ind1="1" ind2="1">
            <subfield code="a">“Este es el alquitab de pré[d]ic[a]s i exenplo i dotrinas para medecinar el alma i amar la otra vida y-aborrecer este mundo”.</subfield>
            <subfield code="h">[Manuscrito]</subfield>
          </datafield>
          <datafield tag="260" ind1=" " ind2=" ">
            <subfield code="a">[S.l.],</subfield>
            <subfield code="c">[s. f., S. XVI].</subfield>
          </datafield>
          <datafield tag="300" ind1=" " ind2=" ">
            <subfield code="a">408 ff. (Una col., 19 líneas por pág.) :</subfield>
            <subfield code="b">papel ;</subfield>
            <subfield code="c">24 x 17,5 cm (caja: 17,8 x 11,5 cm).</subfield>
          </datafield>
          <datafield tag="490" ind1="0" ind2=" ">
            <subfield code="a">Manuscripta</subfield>
          </datafield>
          <datafield tag="500" ind1=" " ind2=" ">
            <subfield code="a">Incipit: (بعد البسملة).ذَيشُ اللهْ عَزَ وَجَلَّ ءَانْشُ اُنْرَّذُ اَلْقُرْءَانْ بَّارَااِكَ كَالَبَّارَااِكَشِيُنْ ءَاشْ اَبُّرُبَاجَّنْتَا</subfield>
          </datafield>
          <datafield tag="500" ind1=" " ind2=" ">
            <subfield code="a">Explicit: اِءَالْتَارَاشْتَلَّر ءَاشْدَازِرمَلْدَانِنغُنُ ءَانَوْشَانْسِيَدَالْ. يَالْكَلَّرْ ءَاشْ لُمُاجُّر دَاتُدُ. اللهُ اكْبَرْ</subfield>
          </datafield>
          <datafield tag="500" ind1=" " ind2=" ">
            <subfield code="a">Tinta marrón oscuro.</subfield>
          </datafield>
          <datafield tag="500" ind1=" " ind2=" ">
            <subfield code="a">Copista: Desconocido. Dos manos.</subfield>
          </datafield>
          <datafield tag="500" ind1=" " ind2=" ">
            <subfield code="a">Colofón ; Características especiales ; Ilustración: No.</subfield>
          </datafield>
          <datafield tag="500" ind1=" " ind2=" ">
            <subfield code="a">Ilustraciones: Palmetas enfrentadas. Títulos y palabras resaltadas mediante trazo más grueso.No.</subfield>
          </datafield>
          <datafield tag="500" ind1=" " ind2=" ">
            <subfield code="a">Tipo de cuaderno: Binión, ternión, sexterno, septerno y octonión.</subfield>
          </datafield>
          <datafield tag="500" ind1=" " ind2=" ">
            <subfield code="a">Deterioros: Gran mancha de humedad en el margen externo de los primeros 80 ff. y los últimos 150 ff., lo que hace que el papel esté muy deteriorado, incluso perdido, en los primeros y últimos 25 ff. La tinta metalogálica llega a romper el papel en algunos casos.</subfield>
          </datafield>
          <datafield tag="500" ind1=" " ind2=" ">
            <subfield code="a">H. en blanco: 2 h.d.g. iniciales, 1r, 401v, [402-404].</subfield>
          </datafield>
          <datafield tag="500" ind1=" " ind2=" ">
            <subfield code="a">H. dañadas, mutiladas, sueltas: Sueltas: 9, 401-[404], [405].</subfield>
          </datafield>
          <datafield tag="500" ind1=" " ind2=" ">
            <subfield code="a">H. faltan o añadidas: Faltaría el primer folio del primer cuaderno, probablemente en blanco. Entre f. 233 y 234, f. cortado.</subfield>
          </datafield>
          <datafield tag="500" ind1=" " ind2=" ">
            <subfield code="a">Foliación: 1-401. De época, a tinta, en el margen superior derecho del vuelto de cada folio. Se repite el segmento 123-126; el f. 218. Falta por foliar 180.</subfield>
          </datafield>
          <datafield tag="500" ind1=" " ind2=" ">
            <subfield code="a">Reclamos: En el margen inferior del verso del último folio.</subfield>
          </datafield>
          <datafield tag="500" ind1=" " ind2=" ">
            <subfield code="a">Signatura cuaderno: No.</subfield>
          </datafield>
          <datafield tag="500" ind1=" " ind2=" ">
            <subfield code="a">Pautado: Probablemente mistara y punta seca.</subfield>
          </datafield>
          <datafield tag="500" ind1=" " ind2=" ">
            <subfield code="a">Filigrana: Escamas rodeadas por elipse doble. Debajo, las letras “M ¿” y cruz inserta en una lágrima.</subfield>
          </datafield>
          <datafield tag="500" ind1=" " ind2=" ">
            <subfield code="a">Anotaciones: En primera h.d.g. r.</subfield>
          </datafield>
          <datafield tag="500" ind1=" " ind2=" ">
            <subfield code="a">Signatura antigua: Junta 53.</subfield>
          </datafield>
          <datafield tag="510" ind1="3" ind2=" ">
            <subfield code="a">Descripción: Julián Ribera y Miguel Asín, Manuscritos árabes y aljamiados de la Biblioteca de la Junta, Madrid, Junta para Ampliación de Estudios e Investigaciones Científicas, 1912, pp. 194-195.</subfield>
          </datafield>
          <datafield tag="510" ind1="4" ind2=" ">
            <subfield code="a">Bibliografía: Nuria Martínez de Castilla, Una bibioteca morisca entre dos tapas, Zaragoza, IEIOP, 2010, pp. 340, 342, 343, 365, 369, 370. María José Cervera Fras, Manuscritos moriscos aragoneses, Zaragoza, IEIOP, 2010 (reproducción, p. 24). Alfredo Mateos y Juan Carlos Villaverde (eds.), Memoria de los moriscos. Escritos y relatos de una diáspora cultural, Madrid, SECC, 2010, pp. 196-198 (reproducción, pp. 75, 197).</subfield>
          </datafield>
          <datafield tag="520" ind1=" " ind2=" ">
            <subfield code="a">1v-6v. [Prólogo.] 6v-37v. “Capítulo en el nonbramiento de la muerte”. 37v-55v. “Esta es la senblança del creyente de los de la çunna” 55v-58r-“Caso en la retentación en el açalá”. 58v-74r. “Capítulo en los señales del creyente y los señales del lazrado”. 74r-80v. “Preique en aborrecer el mundo”. 80v-82v“Monestación en la repintencia y en el demandar perdón ada Allah”. 82v-83v. “Caso en los almaqabires”. 83v-84r “Capítulo en lo que fue dicho en quien abatece los debdos de Allah y toma por halal lo haram”. 84r-112v. [Alwasía]. 112v-121r. [Monestaciones]. 121r-125v. “Esta es la estoria de Awayci il-Qarrabiyyu”. 125v-128v. “Estos son dichos y exenplos de mucho aviso”. 128v-136r. [Monestaciones.] 136r-137v. “Este es el alhadiz del alabid y de la mengrana”. 137v-[Otros hadices sobre alabid.] 149v-151r. “Este es el recuento de la mujer sufriente”. 151r-189r. [Relación de capítulos.] 189r-194r. “Este es el recontamiento de Çilman al-Faraciyu cuando estaba en el artículo de la muerte”. 194r-195r. “Aqueste es el alhadiz de la muerte de Muça”. 195r-200v. “Este es el alhadiç del dab y del alárabe con el anabí Muhamad”. 200v-204v. “Aquestos son dichos del mensajero de Allah”. 204v-242r. [Relación de casos y capítulos.] 242r-246v. “Este es el alhadiz de la muerte del anabí Muhamad”. 247r-251r. “Estos son los dotrinamientos de los sabios para las fadas de las criaturas”. 251r-256v. [Sobre la muerte.] 256v-261r. “Estos son los açalaes que se hazen sobre nuestro anabí Muhamad”. 261v-357r. [Relación de capítulos, casos y narraciones.] 357r-364v. “Estas son las rogarias que se dizen después del açalá del deudo”. 365r-401v. “Otras recontaciones”.</subfield>
          </datafield>
          <datafield tag="530" ind1=" " ind2=" ">
            <subfield code="a">María Pilar Martínez Olmo, Colección de manuscritos árabes y aljamiados de la Biblioteca del Instituto de Filología del CSIC [recurso electrónico]: los manuscritos de la Junta, Madrid, CSIC, 1998, 4 Cd-Rom.</subfield>
          </datafield>
          <datafield tag="541" ind1=" " ind2=" ">
            <subfield code="a">Procedencia: Almonacid de la Sierra.</subfield>
            <subfield code="d">Ingreso: Junio de 1910.</subfield>
          </datafield>
          <datafield tag="546" ind1=" " ind2=" ">
            <subfield code="a">Aljamía y árabe</subfield>
            <subfield code="b">con escritura magrebí</subfield>
          </datafield>
          <datafield tag="563" ind1=" " ind2=" ">
            <subfield code="a">Piel marrón claro, hoy oscurecida por el paso del tiempo y los efectos del fuego. En cartera. Mal estado de conservación: gran mancha de humedad y endurecimiento consecuente en la contracubierta.</subfield>
          </datafield>
          <datafield tag="594" ind1=" " ind2="1">
            <subfield code="a">Responsabilidad desconocida.</subfield>
          </datafield>
          <datafield tag="595" ind1=" " ind2=" ">
            <subfield code="a">Carmelo Morán Arias, Edición, estudio y glosario del ms. aljamiado-morisco LIII de la Junta para Ampliación de Estudios, tesis doctoral inédita, Oviedo, 1993.</subfield>
          </datafield>
          <datafield tag="650" ind1=" " ind2="7">
            <subfield code="a">Manuscritos árabes.</subfield>
            <subfield code="2">CSICAU</subfield>
          </datafield>
          <datafield tag="650" ind1=" " ind2="7">
            <subfield code="a">Manuscritos aljamiados.</subfield>
            <subfield code="2">CSICAU</subfield>
          </datafield>
          <datafield tag="830" ind1=" " ind2="0">
            <subfield code="a">Manuscripta</subfield>
          </datafield>
          <datafield tag="856" ind1="4" ind2="1">
            <subfield code="u">http://aleph.csic.es/imagenes/mad01/0006_PMSC/P_001227704_651274_V00.pdf</subfield>
            <subfield code="z">Descargar Pdf completo (69M)</subfield>
            <subfield code="m">CSIC</subfield>
          </datafield>
          <datafield tag="856" ind1="4" ind2="1">
            <subfield code="u">http://aleph.csic.es/imagenes/mad01/0006_PMSC/html/001227704.html</subfield>
            <subfield code="z">Ver texto completo en Bookreader</subfield>
          </datafield>
          <datafield tag="856" ind1="4" ind2="1">
            <subfield code="u">http://simurg.csic.es/view/283365</subfield>
            <subfield code="z">Acceso a la versión digitalizada en Simurg</subfield>
          </datafield>
          <datafield tag="040" ind1=" " ind2=" ">
            <subfield code="a">ES-MaCSI</subfield>
            <subfield code="b">spa</subfield>
          </datafield>
        </record>
      </metadata>
    </record>