
    <record>
      <header>
        <identifier>oai:alma.34CSIC_INST:990013488180204201</identifier>
        <datestamp>2022-07-01T05:01:55Z</datestamp>
        <setSpec>manuscripta</setSpec>
        <setSpec>csic-bibliografico</setSpec>
      </header>
      <metadata>
        <record xmlns="http://www.loc.gov/MARC21/slim" xmlns:xsi="http://www.w3.org/2001/XMLSchema-instance" xsi:schemaLocation="http://www.loc.gov/MARC21/slim http://www.loc.gov/standards/marcxml/schema/MARC21slim.xsd">
          <leader>13005ntm a2200673 i 4500</leader>
          <controlfield tag="005">20220609123407.0</controlfield>
          <controlfield tag="008">100705s1578986               000 0 ara d</controlfield>
          <controlfield tag="001">990013488180204201</controlfield>
          <datafield tag="035" ind1=" " ind2=" ">
            <subfield code="a">CSIC001348818</subfield>
          </datafield>
          <datafield tag="035" ind1=" " ind2=" ">
            <subfield code="a">(ES-MaCSI)001348818MAD01-Aleph</subfield>
          </datafield>
          <datafield tag="100" ind1="1" ind2=" ">
            <subfield code="a">Fayyūmī, Aḥmad b. Muḥammad al-</subfield>
            <subfield code="d">(m.ca.1368).</subfield>
          </datafield>
          <datafield tag="245" ind1="1" ind2="2">
            <subfield code="a">المصبَاح المنير في غريب الشرح الكبير. </subfield>
            <subfield code="h">[Manuscrito]</subfield>
            <subfield code="c">/ احمد بن محمّد بن عَلي المقري الفيّومى.</subfield>
          </datafield>
          <datafield tag="260" ind1=" " ind2=" ">
            <subfield code="c">[1578] 986 de la Hégira .</subfield>
          </datafield>
          <datafield tag="300" ind1=" " ind2=" ">
            <subfield code="a">386 f. (de los cuales 4 están sin foliar: 1 al principio y 3 al final del volumen, por lo que, sólo han sido foliados los 382 folios originales) con guardas al principio y al final. ;</subfield>
            <subfield code="c">23 x 13,5 cm (caja: 18 x 8,7 cm).</subfield>
          </datafield>
          <datafield tag="490" ind1="1" ind2=" ">
            <subfield code="a">Manuscripta</subfield>
          </datafield>
          <datafield tag="546" ind1=" " ind2=" ">
            <subfield code="a">Arabe</subfield>
            <subfield code="b">Escritura nasjí oriental</subfield>
          </datafield>
          <datafield tag="500" ind1=" " ind2=" ">
            <subfield code="a">Título transliterado: Al-miṣbāḥ al-munīr fī garīb al-Šarḥ al-kabīr</subfield>
          </datafield>
          <datafield tag="500" ind1=" " ind2=" ">
            <subfield code="a">Distribución: 1 col. La mayor parte del volumen tiene 27 líneas por página, excepto el 1v que tiene 20, el 2r que consta de 25 y el 382v que tiene tan sólo 10.</subfield>
          </datafield>
          <datafield tag="500" ind1=" " ind2=" ">
            <subfield code="a">Material: Papel</subfield>
          </datafield>
          <datafield tag="500" ind1=" " ind2=" ">
            <subfield code="a">Tinta: Negra y roja</subfield>
          </datafield>
          <datafield tag="500" ind1=" " ind2=" ">
            <subfield code="a">‪Incipit: ‫العَبْد الفقير الى الله تعالى احمد بن محمّد بن عَلي المقري الفيّومى عفي الله عَنهُ رَب العَالمين وصَلواته وسَلامه على سيدنا محمّد اشرف المرسَلين وَخاتم النبيئين وعَلى اله وصَحْبه اجمَعين فانّ كنت جمَعت كتابا في غريب شرح الوَجيز للرافعي وَاوسَعت فيه من تصَاريف الكلمة</subfield>
          </datafield>
          <datafield tag="500" ind1=" " ind2=" ">
            <subfield code="a">‪Explicit: قَال ابن الانير في المَثل السّاير وَليْسَ الفَاضل من لا يَغلَط بَل الفاضِل من يُعَد غلطُه ونسْاءل الله حُسن العاقبَة فِي الدُنيا والاخرة وان ينفع به طَالبَهُ والنّاظر فيه وان يعاملنا بما هواهْلهُ قالَ المُصَنِّفُ رحمهُ اللهُ تعالى وَكان الفراغ من تعليقه عَلى يَد مؤلفه في العشر الآخر من شعبَان المبَارك سَنَة اربع وثلاثين وسَبعمائة مجريه وَصَلى اللهُ على سيّدنا محمّد وعلى اله وَصحْبه وسَلم تسْليما كثيرا وحَسْبنا الله ونعم الوكيل ولا حول ولا قوة الا بالله العَلي العظيم</subfield>
          </datafield>
          <datafield tag="500" ind1=" " ind2=" ">
            <subfield code="a">Lugar de escritura: No consta</subfield>
          </datafield>
          <datafield tag="500" ind1=" " ind2=" ">
            <subfield code="a">Fecha completa: viernes 16 šawwāl 986 / 16 de diciembre de 1578</subfield>
          </datafield>
          <datafield tag="500" ind1=" " ind2=" ">
            <subfield code="a">محمّد بن محمّد الفيّومىCopista:‭</subfield>
          </datafield>
          <datafield tag="500" ind1=" " ind2=" ">
            <subfield code="a">‪Colofón: وَكان الفراغ من تعليقه هذا الكتاب المُبارك يوم الجمعَة سَادس عشر من شهْر شوّال المحرّم الحرَام سَنة سِتّ وثمانين وتسْعمائة على يد كاتبه الفقير محمّد بن محمّد الفيّومى غفر الله له ولوالديه ولجميع المسلمين وَ المسلمات امين والحمد لله رَبّ العالمين وحَسْبنا الله ونعم الوكيل وَصَلى اللهُ على سيّدنا محمّد واله وَصحْبه.</subfield>
          </datafield>
          <datafield tag="500" ind1=" " ind2=" ">
            <subfield code="a">Características especiales: Texto parcialmente vocalizado</subfield>
          </datafield>
          <datafield tag="500" ind1=" " ind2=" ">
            <subfield code="a">Ilustración: No</subfield>
          </datafield>
          <datafield tag="500" ind1=" " ind2=" ">
            <subfield code="a">Ilustraciones: Los epígrafes aparecen en un trazo mucho más grande y alargado en tinta roja, mientras que, la palabra قال aparece en un trazo mucho más alargado en tinta negra y con un guión superior que coincide en dimensión con el alargamiento grafico de la consonante lam. - Entre oraciones, a modo de signo de puntuación, se utiliza bien un punto rojo o bien un circulo también en tinta roja de las mismas dimensiones del punto.</subfield>
          </datafield>
          <datafield tag="500" ind1=" " ind2=" ">
            <subfield code="a">Tipo de cuaderno: No es posible contar los cuadernos ya que el volumen podría deshacerse.</subfield>
          </datafield>
          <datafield tag="500" ind1=" " ind2=" ">
            <subfield code="a">Deterioros: Muy buen estado</subfield>
          </datafield>
          <datafield tag="500" ind1=" " ind2=" ">
            <subfield code="a">H en blanco: 1r y un folio al principio y tres al final del volumen sin numerar.</subfield>
          </datafield>
          <datafield tag="500" ind1=" " ind2=" ">
            <subfield code="a">H dañadas, mutiladas, sueltas: No</subfield>
          </datafield>
          <datafield tag="500" ind1=" " ind2=" ">
            <subfield code="a">H faltan o añadidas: Añadidos: 1 folio después de la guarda y 3 tres al final.</subfield>
          </datafield>
          <datafield tag="500" ind1=" " ind2=" ">
            <subfield code="a">Foliación: Sin foliación original. Foliación moderna a lápiz hecha por Concha Castillo Castillo 1984. Se advierte que los folios que van de 173 al 180 y que podrían corresponder a un cuaternión se hallan encuadernados de forma invertida, lo que hace que, el folio que sigue al 172 sea el 180 y el que precede al 181 sea el 173.</subfield>
          </datafield>
          <datafield tag="500" ind1=" " ind2=" ">
            <subfield code="a">Reclamos: Reclamos en tinta negra en el margen inferior izquierdo de todos los folios verso, excepto en el 382v.</subfield>
          </datafield>
          <datafield tag="500" ind1=" " ind2=" ">
            <subfield code="a">Sign. cuad.: No</subfield>
          </datafield>
          <datafield tag="500" ind1=" " ind2=" ">
            <subfield code="a">Pautado: Punta seca (casi inapreciable). Líneas rectrices con una regularidad de 5 mm.</subfield>
          </datafield>
          <datafield tag="500" ind1=" " ind2=" ">
            <subfield code="a">Filigrana: En los folios añadidos posteriormente al volumen en unos se lee “PAPEL” y en otros “TINA” en letras mayúsculas y ahuecadas, y debajo de las palabras aparece un motivo floral a base de serpentinas y flores.</subfield>
          </datafield>
          <datafield tag="563" ind1=" " ind2=" ">
            <subfield code="a">Encuadernación: Encuadernación moderna en cartera con solapa de cierre en piel roja sobre cartón y cantos dorados.</subfield>
          </datafield>
          <datafield tag="541" ind1=" " ind2=" ">
            <subfield code="a">Procedencia: No consta</subfield>
          </datafield>
          <datafield tag="541" ind1=" " ind2=" ">
            <subfield code="a">Ingreso: No consta</subfield>
          </datafield>
          <datafield tag="500" ind1=" " ind2=" ">
            <subfield code="a">Signatura antigua: VOL. VIII ; A-5-8</subfield>
          </datafield>
          <datafield tag="500" ind1=" " ind2=" ">
            <subfield code="a">Anotaciones: Anotaciones marginales frecuentes de términos lexicográficos en tinta roja en letra grande y sin vocalizar, además de correcciones no muy frecuentes en tinta negra, todo de la misma mano del copista.</subfield>
          </datafield>
          <datafield tag="581" ind1=" " ind2=" ">
            <subfield code="a">Descripción: Catálogo de la Exposición celebrada con motivo del cincuentenario: 1932-1982, Granada, 1982, 17. - Castillo Castillo, C., “Manuscritos arábigos que se conservan en la Escuela de Estudios Árabes de Granada”, Cuadernos de historia del Islam 11 (1984), 224.</subfield>
          </datafield>
          <datafield tag="530" ind1=" " ind2=" ">
            <subfield code="a">Otros soportes: No</subfield>
          </datafield>
          <datafield tag="581" ind1=" " ind2=" ">
            <subfield code="a">Edición: No</subfield>
          </datafield>
          <datafield tag="510" ind1="4" ind2=" ">
            <subfield code="a">Catálogo de la Exposición celebrada con motivo del cincuentenario: 1932-1982</subfield>
            <subfield code="c">p. 17</subfield>
          </datafield>
          <datafield tag="510" ind1="4" ind2=" ">
            <subfield code="a">Manuscritos arábigos que se conservan en la Escuela de Estudios Árabes de Granada</subfield>
            <subfield code="a">p. 224</subfield>
          </datafield>
          <datafield tag="520" ind1="2" ind2=" ">
            <subfield code="a">Contenido: Al-miṣbāḥ al-munīr fī garīb al-Šarḥ al-kabīr [GAL, II, 31]</subfield>
          </datafield>
          <datafield tag="600" ind1="1" ind2="7">
            <subfield code="a">Rāfi`ī, `Abd al-Karīm b. Muḥammad al-</subfield>
            <subfield code="d">(1162-1226),</subfield>
            <subfield code="t">Al-fatḥ al-`azīz fī šarḥ al-Waŷīz</subfield>
            <subfield code="2">CSICAU</subfield>
          </datafield>
          <datafield tag="650" ind1=" " ind2="7">
            <subfield code="a">Arabe</subfield>
            <subfield code="v">Diccionarios</subfield>
            <subfield code="v">Manuscritos.</subfield>
            <subfield code="2">CSICAU</subfield>
          </datafield>
          <datafield tag="650" ind1=" " ind2="7">
            <subfield code="a">Arabe</subfield>
            <subfield code="x">Lexicografía</subfield>
            <subfield code="v">Manuscritos.</subfield>
            <subfield code="2">CSICAU</subfield>
          </datafield>
          <datafield tag="740" ind1="3" ind2=" ">
            <subfield code="a">Al-miṣbāḥ al-munīr fī garīb al-Šarḥ al-kabīr</subfield>
          </datafield>
          <datafield tag="830" ind1=" " ind2="0">
            <subfield code="a">Manuscripta</subfield>
          </datafield>
          <datafield tag="856" ind1="4" ind2="1">
            <subfield code="u">http://aleph.csic.es/imagenes/mad01/0006_PMSC/P_001348818_781022_V00.pdf</subfield>
            <subfield code="z">Descargar Pdf completo (72M)</subfield>
            <subfield code="m">CSIC</subfield>
          </datafield>
          <datafield tag="856" ind1="4" ind2="1">
            <subfield code="u">http://aleph.csic.es/imagenes/mad01/0006_PMSC/html/001348818.html</subfield>
            <subfield code="z">Ver texto completo en Bookreader</subfield>
          </datafield>
          <datafield tag="856" ind1="4" ind2="1">
            <subfield code="u">http://simurg.csic.es/view/290677</subfield>
            <subfield code="z">Acceso a la versión digitalizada en Simurg</subfield>
          </datafield>
          <datafield tag="040" ind1=" " ind2=" ">
            <subfield code="a">ES-MaCSI</subfield>
            <subfield code="b">spa</subfield>
          </datafield>
        </record>
      </metadata>
    </record>