
    <record>
      <header>
        <identifier>oai:alma.34CSIC_INST:990013494740204201</identifier>
        <datestamp>2022-07-01T05:01:55Z</datestamp>
        <setSpec>manuscripta</setSpec>
        <setSpec>csic-bibliografico</setSpec>
      </header>
      <metadata>
        <record xmlns="http://www.loc.gov/MARC21/slim" xmlns:xsi="http://www.w3.org/2001/XMLSchema-instance" xsi:schemaLocation="http://www.loc.gov/MARC21/slim http://www.loc.gov/standards/marcxml/schema/MARC21slim.xsd">
          <leader>11024ntm a2200685 i 4500</leader>
          <controlfield tag="005">20220609123407.0</controlfield>
          <controlfield tag="008">010824s18271007sp            000 0 ara d</controlfield>
          <controlfield tag="001">990013494740204201</controlfield>
          <datafield tag="035" ind1=" " ind2=" ">
            <subfield code="a">CSIC001349474</subfield>
          </datafield>
          <datafield tag="035" ind1=" " ind2=" ">
            <subfield code="a">(ES-MaCSI)001349474MAD01-Aleph</subfield>
          </datafield>
          <datafield tag="100" ind1="1" ind2=" ">
            <subfield code="a">Ibn Nubāta, Muḥammad b. Muḥammad</subfield>
            <subfield code="d">(1287-1366).</subfield>
          </datafield>
          <datafield tag="245" ind1="1" ind2="0">
            <subfield code="a">شرح العيون في شرح رسالة ابن زيدون</subfield>
            <subfield code="h">[Manuscrito]</subfield>
            <subfield code="c">/ ابن نباتة.</subfield>
          </datafield>
          <datafield tag="260" ind1=" " ind2=" ">
            <subfield code="c">1827.</subfield>
          </datafield>
          <datafield tag="300" ind1=" " ind2=" ">
            <subfield code="a">120 f. con guardas al principio y al final ;</subfield>
            <subfield code="c">20 x 15 cm (caja: 15 x 9 cm).</subfield>
          </datafield>
          <datafield tag="490" ind1="0" ind2=" ">
            <subfield code="a">Manuscripta</subfield>
          </datafield>
          <datafield tag="546" ind1=" " ind2=" ">
            <subfield code="a">Arabe</subfield>
            <subfield code="b">Escritura nasjí</subfield>
          </datafield>
          <datafield tag="500" ind1=" " ind2=" ">
            <subfield code="a">Título transliterado: Šarḥ al-ʽuyūn fī šarḥ Risālat Ibn Zaydūn</subfield>
          </datafield>
          <datafield tag="500" ind1=" " ind2=" ">
            <subfield code="a">Distribución: 1 col. Tiene 18 líneas por página, excepto el folio 114v que tiene 13 líneas</subfield>
          </datafield>
          <datafield tag="500" ind1=" " ind2=" ">
            <subfield code="a">Material: Papel</subfield>
          </datafield>
          <datafield tag="500" ind1=" " ind2=" ">
            <subfield code="a">Tinta: Negra, marrón y roja</subfield>
          </datafield>
          <datafield tag="500" ind1=" " ind2=" ">
            <subfield code="a">‪Incipit: ‮(بعد البسملة والتصلية) الحمد لله الذى لا يجب الحمد الاّ له، وصلى الله على سيِدنا محمد المخصوص باشرف رساله، وعلى آله وصحبه فما افضل واكرم صحبه وآله، وادام الله ايام مولانا السلطان الملك المؤيد العالم العادل عماد الدنيا والدين ادامةً متصلة الجلاله</subfield>
          </datafield>
          <datafield tag="500" ind1=" " ind2=" ">
            <subfield code="a">وهو ها هنا قلة المانع وجود الرعد والازعاج عدم الاستقرار والخضرا ناحية المزدرع من البلد والاكار الزراع وهو الفلاح والله اعلم ‪Explicit:</subfield>
          </datafield>
          <datafield tag="500" ind1=" " ind2=" ">
            <subfield code="a">Lugar de escritura: No consta</subfield>
          </datafield>
          <datafield tag="500" ind1=" " ind2=" ">
            <subfield code="a">Copistas: MM. Kunkel et Fleischer</subfield>
          </datafield>
          <datafield tag="500" ind1=" " ind2=" ">
            <subfield code="a">تم بحمد الله وحسن توفيقه والحمد لله اولا واخرا والصلاة والسلام على سيِدنا رسول الله صلى الله عليه وسلم الي يوم الدين Colofón: ‪</subfield>
          </datafield>
          <datafield tag="500" ind1=" " ind2=" ">
            <subfield code="a">Características especiales: Texto no vocalizado</subfield>
          </datafield>
          <datafield tag="500" ind1=" " ind2=" ">
            <subfield code="a">Ilustración: No</subfield>
          </datafield>
          <datafield tag="500" ind1=" " ind2=" ">
            <subfield code="a">Ilustraciones: Entre oraciones, a modo de signos de puntuación, se utilizan indistintamente en tinta roja; la coma árabe (٬), el punto y seguido, y tres puntos como los de las letras ث o ش. Los epígrafes se marcan con tinta marrón, mientras que, algunas palabras del texto lo hacen en tinta roja.</subfield>
          </datafield>
          <datafield tag="500" ind1=" " ind2=" ">
            <subfield code="a">Tipo de cuaderno: No es posible contar los cuadernos ya que el volumen podría deshacerse</subfield>
          </datafield>
          <datafield tag="500" ind1=" " ind2=" ">
            <subfield code="a">Deterioros: Muy buen estado del texto y la cubierta</subfield>
          </datafield>
          <datafield tag="500" ind1=" " ind2=" ">
            <subfield code="a">H en blanco: 6 H en blanco: 3 últimos folios sin foliar después del 114, uno antes del 1r, el r del primer folio y el v del segundo folio después de la guarda.</subfield>
          </datafield>
          <datafield tag="500" ind1=" " ind2=" ">
            <subfield code="a">H dañadas, mutiladas, sueltas: No</subfield>
          </datafield>
          <datafield tag="500" ind1=" " ind2=" ">
            <subfield code="a">H faltan o añadidas: 4 H añadidos: 3 antes del folio 1 y 1 al final del volumen.</subfield>
          </datafield>
          <datafield tag="500" ind1=" " ind2=" ">
            <subfield code="a">Tiene tres foliaciones distintas. La primera, probablemente la de los copistas, aparece escrita con números hindúes y tinta negra y roja en el centro de los márgenes inferiores; la peculiaridad de esta foliación radica en que dos folios aparecen numerados con el mismo dígito y los dos siguientes carecen de numeración, de acuerdo con la siguiente secuencia: 1, 1, Ø, Ø, 2, 2, Ø, Ø, 3, 3,…, así hasta los dos últimos folios, numerados ambos con el dígito 29, aunque no en todos los folios se puede ver a causa de la guillotina de algunos de ellos. La segunda, con números arábigos y tinta negra, aparece escrita en la esquina superior izquierda del recto de cada octavo folio. La numeración es por páginas no por folios y, por lo tanto, la paginación sigue una sucesión (serie) de un patrón de incremento de 8 empezando desde la página 1; de este modo, están numeradas las páginas 1, 9, 17, 25,… hasta llegar a la última, que es la 225. La tercera foliación, la más moderna, con numerales arábigos y a lápiz, aparece escrita en la esquina superior izquierda del recto de todos los folios. Esta foliación se superpone a la anterior, de modo que debajo del folio 5 se puede leer el dígito 9 de la anterior, del 9 el 17, del 13 el 25 y así sucesivamente hasta llegar al último, que es el 113 y que se superpone al 225</subfield>
          </datafield>
          <datafield tag="500" ind1=" " ind2=" ">
            <subfield code="a">Reclamos: No</subfield>
          </datafield>
          <datafield tag="500" ind1=" " ind2=" ">
            <subfield code="a">Sign. cuad.: No</subfield>
          </datafield>
          <datafield tag="500" ind1=" " ind2=" ">
            <subfield code="a">Pautado: No se aprecia</subfield>
          </datafield>
          <datafield tag="500" ind1=" " ind2=" ">
            <subfield code="a">Filigrana: Escudo de armas con cuerno con lazo en orientación horizontal en el interior y corona de cinco picos con perlas rematando el escudo en su parte superior. 1821 en números arábigos y una luna creciente debajo con los picos hacia arriba. Motivo floral con serpentinas incompleto (en las esquinas de los folios originales del volumen) Letras L R T en mayúsculas en orientación vertical. Letras C T E en mayúsculas en orientación vertical, con las letras T E a modo de superíndice de la letra C.</subfield>
          </datafield>
          <datafield tag="563" ind1=" " ind2=" ">
            <subfield code="a">Encuadernación: Cubierta en cartón forrada con papel rojo y lomo en piel roja sobre cartón. El lomo con paletas de hilo doble en oro, dividiéndolo en seis partes, cada una de ellas contiene una flor de cuatro pétalos, excepto el segundo que contiene el título de la obra, en francés, dividido en tres líneas. Este rótulo en letras mayúsculas doradas dice: “Lettre d´Ebn Zaïdoun”.</subfield>
          </datafield>
          <datafield tag="541" ind1=" " ind2=" ">
            <subfield code="a">Procedencia: No consta</subfield>
          </datafield>
          <datafield tag="541" ind1=" " ind2=" ">
            <subfield code="d">Ingreso: No consta</subfield>
          </datafield>
          <datafield tag="500" ind1=" " ind2=" ">
            <subfield code="a">Signatura antigua: VOL. XII ; A-5-12; n º 333</subfield>
          </datafield>
          <datafield tag="500" ind1=" " ind2=" ">
            <subfield code="a">Anotaciones: Correcciones esporádicas en los márgenes en tinta negra del mismo copista; así como, comentarios sobre el contenido de la obra con indicación de número de nota de página. En la guarda de la tapa hay dos etiquetas pegadas en francés, la más interesante es la superior que indica el contenido del volumen y los autores de la copia además de otros datos. En el verso del folio que sigue a la guarda aparece una anotación en castellano que dice: “Impreso en Cairo, 1278” y debajo da la referencia bibliográfica en Brockelmann. En el recto del folio que sigue al anterior hay dos anotaciones del Barón Silvestre de Sacy: la superior, en caligrafía árabe indica el título y autor de la obra, y la inferior, en francés hace referencia a los copistas de la obra. Además, en los últimos folios del volumen sin foliar aparecen diferentes anotaciones numéricas.</subfield>
          </datafield>
          <datafield tag="581" ind1=" " ind2=" ">
            <subfield code="a">Descripción: Catálogo de la Exposición celebrada con motivo del cincuentenario: 1932-1982, Granada, 1982, 17; Castillo Castillo, C., Manuscritos arábigos que se conservan en la Escuela de Estudios Árabes de Granada. En: Cuadernos de historia del Islam 11 (1984), 229; Castillo Castillo, C., Un manuscrito del s. XIX en la biblioteca de la Escuela de Estudios Arabes. En: Hacia un itinerario del manuscrito andalusí, Rabat, 2008, p. 25-41.- Jarem, Ahmed Mohamed El. Edición y estudio de Šarḥ al-ʽuyūn fī šarḥ Risālat Ibn Zaydūn de Ŷamāl al-Dīn Ibn Nubāta : tesis doctoral, Madrid, 2008</subfield>
          </datafield>
          <datafield tag="530" ind1=" " ind2=" ">
            <subfield code="a">Otros soportes: 2 copias en CD-Rom [Scaneados]</subfield>
          </datafield>
          <datafield tag="581" ind1=" " ind2=" ">
            <subfield code="a">Edición: No</subfield>
          </datafield>
          <datafield tag="510" ind1="4" ind2=" ">
            <subfield code="a">Catálogo de la Exposición celebrada con motivo del cincuentenario: 1932-1982, Granada, 1982</subfield>
            <subfield code="c">p. 17</subfield>
          </datafield>
          <datafield tag="510" ind1="4" ind2=" ">
            <subfield code="a">Manuscritos arábigos que se conservan en la Escuela de Estudios Árabes de Granada</subfield>
            <subfield code="c">p. 229</subfield>
          </datafield>
          <datafield tag="510" ind1="4" ind2=" ">
            <subfield code="a">Un manuscrito del s. XIX en la biblioteca de la Escuela de Estudios Arabes</subfield>
            <subfield code="p">p. 25-41</subfield>
          </datafield>
          <datafield tag="520" ind1="2" ind2=" ">
            <subfield code="a">Contenido: Šarḥ al-ʽuyūn fī šarḥ Risālat Ibn Zaydūn</subfield>
          </datafield>
          <datafield tag="600" ind1="1" ind2="7">
            <subfield code="a">Ibn Zaydūn, Aḥmad b. `Abd Allāh</subfield>
            <subfield code="d">(1003 ó 4-1071)</subfield>
            <subfield code="t">Al-risāla al-hazliyya</subfield>
            <subfield code="x">Crítica e interpretación</subfield>
            <subfield code="v">Manuscritos</subfield>
            <subfield code="2">CSICAU</subfield>
          </datafield>
          <datafield tag="650" ind1=" " ind2="7">
            <subfield code="a">Poesía árabe</subfield>
            <subfield code="z">Al-Andalus</subfield>
            <subfield code="v">Manuscritos.</subfield>
            <subfield code="2">CSICAU</subfield>
          </datafield>
          <datafield tag="700" ind1="1" ind2=" ">
            <subfield code="a">Kunkel, P. A.</subfield>
            <subfield code="e">cop.</subfield>
          </datafield>
          <datafield tag="700" ind1="1" ind2=" ">
            <subfield code="a">Fleischer, Heinrich Leberecht,</subfield>
            <subfield code="e">cop.</subfield>
          </datafield>
          <datafield tag="740" ind1="0" ind2=" ">
            <subfield code="a">Šarḥ al-ʽuyūn fī šarḥ Risālat Ibn Zaydūn</subfield>
          </datafield>
          <datafield tag="830" ind1=" " ind2="0">
            <subfield code="a">Manuscripta</subfield>
          </datafield>
          <datafield tag="856" ind1="4" ind2="1">
            <subfield code="u">http://aleph.csic.es/imagenes/mad01/0006_PMSC/P_001349474_782290_V00.pdf</subfield>
            <subfield code="z">Descargar Pdf completo (38M)</subfield>
            <subfield code="m">CSIC</subfield>
          </datafield>
          <datafield tag="856" ind1="4" ind2="1">
            <subfield code="u">http://aleph.csic.es/imagenes/mad01/0006_PMSC/html/001349474.html</subfield>
            <subfield code="z">Ver texto completo en Bookreader</subfield>
          </datafield>
          <datafield tag="856" ind1="4" ind2="1">
            <subfield code="u">http://simurg.csic.es/view/292219</subfield>
            <subfield code="z">Acceso a la versión digitalizada en Simurg</subfield>
          </datafield>
          <datafield tag="040" ind1=" " ind2=" ">
            <subfield code="a">ES-MaCSI</subfield>
            <subfield code="b">spa</subfield>
          </datafield>
        </record>
      </metadata>
    </record>