
    <record>
      <header>
        <identifier>oai:alma.34CSIC_INST:990012277660204201</identifier>
        <datestamp>2022-07-01T05:01:55Z</datestamp>
        <setSpec>manuscripta</setSpec>
        <setSpec>csic-bibliografico</setSpec>
      </header>
      <metadata>
        <record xmlns="http://www.loc.gov/MARC21/slim" xmlns:xsi="http://www.w3.org/2001/XMLSchema-instance" xsi:schemaLocation="http://www.loc.gov/MARC21/slim http://www.loc.gov/standards/marcxml/schema/MARC21slim.xsd">
          <leader>05478ntm a2200625 i 4500</leader>
          <controlfield tag="005">20220609123409.0</controlfield>
          <controlfield tag="008">100406q1500    sp            000 0 ara d</controlfield>
          <controlfield tag="001">990012277660204201</controlfield>
          <datafield tag="035" ind1=" " ind2=" ">
            <subfield code="a">CSIC001227766</subfield>
          </datafield>
          <datafield tag="035" ind1=" " ind2=" ">
            <subfield code="a">(ES-MaCSI)001227766MAD01-Aleph</subfield>
          </datafield>
          <datafield tag="035" ind1=" " ind2=" ">
            <subfield code="a">(OCoLC)1123900998
</subfield>
          </datafield>
          <datafield tag="080" ind1=" " ind2=" ">
            <subfield code="a">091(=411.21)</subfield>
          </datafield>
          <datafield tag="080" ind1=" " ind2=" ">
            <subfield code="a">28</subfield>
          </datafield>
          <datafield tag="100" ind1="1" ind2=" ">
            <subfield code="a">Mancebo de Arévalo.</subfield>
          </datafield>
          <datafield tag="240" ind1="1" ind2="0">
            <subfield code="a">Tafçira del Mancebo de Arévalo</subfield>
          </datafield>
          <datafield tag="245" ind1="1" ind2="0">
            <subfield code="a">Tafçira </subfield>
            <subfield code="h">[Manuscrito]</subfield>
            <subfield code="c">/ Mancebo de Arévalo.</subfield>
          </datafield>
          <datafield tag="260" ind1=" " ind2=" ">
            <subfield code="a">[S.l.],</subfield>
            <subfield code="c">[s. a., S. XVI].</subfield>
          </datafield>
          <datafield tag="300" ind1=" " ind2=" ">
            <subfield code="a">472 ff. (Una col., 19 líneas por pág.) :</subfield>
            <subfield code="b">Papel, bien conservado ;</subfield>
            <subfield code="c">34,2 x 24 cm (caja: 25 x 16,5 cm).</subfield>
          </datafield>
          <datafield tag="490" ind1="0" ind2=" ">
            <subfield code="a">Manuscripta</subfield>
          </datafield>
          <datafield tag="500" ind1=" " ind2=" ">
            <subfield code="a">Incipit: (بعد البسملة) ءَارَ ءُانْذِيَ دَالُشْ شِيَاتَا دَالَنُّ بَانْتِسِنْكَانُ دَاذُوَالقِيَّادِ فُوَارُنْ اَجُنْتَدُشْ ءَانْسَّرَغُسَّ</subfield>
          </datafield>
          <datafield tag="500" ind1=" " ind2=" ">
            <subfield code="a">Explicit: كَرْتَ دَالَمُرَ دَاؤُبَادَ ـــــــــــــــ 442</subfield>
          </datafield>
          <datafield tag="500" ind1=" " ind2=" ">
            <subfield code="a">Tinta marrón oscura para ductus; para decoraciones, marrón oscura, amarilla y roja.</subfield>
          </datafield>
          <datafield tag="500" ind1=" " ind2=" ">
            <subfield code="a">Copista: Desconocido.</subfield>
          </datafield>
          <datafield tag="500" ind1=" " ind2=" ">
            <subfield code="a">Colofón: No.</subfield>
          </datafield>
          <datafield tag="500" ind1=" " ind2=" ">
            <subfield code="a">Características especiales: En prácticamente todas las hojas, en el margen superior, hay una palabra que resume temáticamente el contenido. Tabla de contenidos final.</subfield>
          </datafield>
          <datafield tag="500" ind1=" " ind2=" ">
            <subfield code="a">Ilustración: Palmetas y motivos curvos, a modo de olas. Calderones dobles rojos y/o amarillos para completar línea. ‘Unwân con espacio en blanco para título, inexistente.</subfield>
          </datafield>
          <datafield tag="500" ind1=" " ind2=" ">
            <subfield code="a">Ilustración: No.</subfield>
          </datafield>
          <datafield tag="500" ind1=" " ind2=" ">
            <subfield code="a">Tipo de cuaderno: Octoniones, septernos y noniones.</subfield>
          </datafield>
          <datafield tag="500" ind1=" " ind2=" ">
            <subfield code="a">Deterioros: Tintas metalogálicas: oxidan el papel hasta romperlo en muchas ocasiones en diferentes lugares.</subfield>
          </datafield>
          <datafield tag="500" ind1=" " ind2=" ">
            <subfield code="a">H. en blanco: Dos h. d. g. del principio, ff. 445v-466r, 470v-472v.</subfield>
          </datafield>
          <datafield tag="500" ind1=" " ind2=" ">
            <subfield code="a">H. dañadas, mutiladas, sueltas: Ninguna.</subfield>
          </datafield>
          <datafield tag="500" ind1=" " ind2=" ">
            <subfield code="a">H. faltan o añadidadas: F. 17 parece pegado al segundo cuaderno. Falta el último folio del último cuaderno, que estaría en blanco.</subfield>
          </datafield>
          <datafield tag="500" ind1=" " ind2=" ">
            <subfield code="a">Foliación: 1-472, de época, a tinta, en el margen superior externo del vuelto.</subfield>
          </datafield>
          <datafield tag="500" ind1=" " ind2=" ">
            <subfield code="a">Reclamos: En horizontal, en el margen inferior izquierdo, en el verso del último folio del cuaderno.</subfield>
          </datafield>
          <datafield tag="500" ind1=" " ind2=" ">
            <subfield code="a">Signatura de cuaderno: No.</subfield>
          </datafield>
          <datafield tag="500" ind1=" " ind2=" ">
            <subfield code="a">Pautado: A punta seca, en el verso.</subfield>
          </datafield>
          <datafield tag="500" ind1=" " ind2=" ">
            <subfield code="a">Filigrana: Círculo en el que se inserta luna creciente y las letras “L6”.</subfield>
          </datafield>
          <datafield tag="500" ind1=" " ind2=" ">
            <subfield code="a">Anotaciones: Hay anotaciones en los márgenes de diferente índole: las más habituales, entre líneas horizontales y adornos dorados verticales, pero también se encuentran con otro tipo de decoración y tan solo las anotaciones.</subfield>
          </datafield>
          <datafield tag="500" ind1=" " ind2=" ">
            <subfield code="a">Signatura antigua: Junta 62</subfield>
          </datafield>
          <datafield tag="510" ind1="3" ind2=" ">
            <subfield code="a">Descripción: Julián Ribera y Miguel Asín, Manuscritos árabes y aljamiados de la Biblioteca de la Junta, Madrid, Junta para Ampliación de Estudios e Investigaciones Científicas, 1912, pp. 217-228.</subfield>
          </datafield>
          <datafield tag="510" ind1="4" ind2=" ">
            <subfield code="a">Bibliografía: María José Cervera Fras, Manuscritos moriscos aragoneses, Zaragoza, IEIOP, 2010, 68 (reproducción, p. 34). Alfredo Mateos y Juan Carlos Villaverde (eds.), Memoria de los moriscos. Escritos y relatos de una diáspora cultural, Madrid, SECC, 2010, pp. 166-168 (reproducción, p. 167).</subfield>
          </datafield>
          <datafield tag="520" ind1=" " ind2=" ">
            <subfield code="a">Tafçira del Mancebo de Arévalo.</subfield>
          </datafield>
          <datafield tag="530" ind1=" " ind2=" ">
            <subfield code="a">María Pilar Martínez Olmo, Colección de manuscritos árabes y aljamiados de la Biblioteca del Instituto de Filología del CSIC [recurso electrónico]: los manuscritos de la Junta, Madrid, CSIC, 1998, 4 Cd-Rom.</subfield>
          </datafield>
          <datafield tag="541" ind1=" " ind2=" ">
            <subfield code="a">Procedencia: Alcalá de Ebro (Zaragoza).</subfield>
            <subfield code="d">Ingreso: Junio de 1910.</subfield>
          </datafield>
          <datafield tag="546" ind1=" " ind2=" ">
            <subfield code="a">Aljamía</subfield>
            <subfield code="b">con escritura magrebí</subfield>
          </datafield>
          <datafield tag="563" ind1=" " ind2=" ">
            <subfield code="a">De época. En piel marrón claro, algo quemada por la parte exterior de la contracubierta. Tres nudos en el lomo. Cabezada de color marrón claro.</subfield>
          </datafield>
          <datafield tag="595" ind1=" " ind2=" ">
            <subfield code="a">Mancebo de Arévalo, Tafsira, ed. de Teresa Narváez Córdova, Madrid, Trotta, 2003.</subfield>
          </datafield>
          <datafield tag="650" ind1=" " ind2="7">
            <subfield code="a">Manuscritos árabes.</subfield>
            <subfield code="2">CSICAU</subfield>
          </datafield>
          <datafield tag="650" ind1=" " ind2="7">
            <subfield code="a">Manuscritos aljamiados.</subfield>
            <subfield code="2">CSICAU</subfield>
          </datafield>
          <datafield tag="650" ind1=" " ind2="7">
            <subfield code="a">Islam.</subfield>
            <subfield code="2">CSICAU</subfield>
          </datafield>
          <datafield tag="830" ind1=" " ind2="0">
            <subfield code="a">Manuscripta</subfield>
          </datafield>
          <datafield tag="856" ind1="4" ind2="1">
            <subfield code="u">http://aleph.csic.es/imagenes/mad01/0006_PMSC/P_001227766_651411_V00.pdf</subfield>
            <subfield code="z">Descargar Pdf completo (74M)</subfield>
            <subfield code="m">CSIC</subfield>
          </datafield>
          <datafield tag="856" ind1="4" ind2="1">
            <subfield code="u">http://aleph.csic.es/imagenes/mad01/0006_PMSC/html/001227766.html</subfield>
            <subfield code="z">Ver texto completo en Bookreader</subfield>
          </datafield>
          <datafield tag="856" ind1="4" ind2="1">
            <subfield code="u">http://simurg.csic.es/view/286188</subfield>
            <subfield code="z">Acceso a la versión digitalizada en Simurg</subfield>
          </datafield>
          <datafield tag="040" ind1=" " ind2=" ">
            <subfield code="a">ES-MaCSI</subfield>
            <subfield code="b">spa</subfield>
          </datafield>
        </record>
      </metadata>
    </record>