
    <record>
      <header>
        <identifier>oai:alma.34CSIC_INST:990012275160204201</identifier>
        <datestamp>2022-07-01T05:01:55Z</datestamp>
        <setSpec>manuscripta</setSpec>
        <setSpec>csic-bibliografico</setSpec>
      </header>
      <metadata>
        <record xmlns="http://www.loc.gov/MARC21/slim" xmlns:xsi="http://www.w3.org/2001/XMLSchema-instance" xsi:schemaLocation="http://www.loc.gov/MARC21/slim http://www.loc.gov/standards/marcxml/schema/MARC21slim.xsd">
          <leader>09308ntm a2200733 i 4500</leader>
          <controlfield tag="005">20220609123410.0</controlfield>
          <controlfield tag="008">100331q1600    sp            000 0 ara d</controlfield>
          <controlfield tag="001">990012275160204201</controlfield>
          <datafield tag="035" ind1=" " ind2=" ">
            <subfield code="a">CSIC001227516</subfield>
          </datafield>
          <datafield tag="035" ind1=" " ind2=" ">
            <subfield code="a">(ES-MaCSI)001227516MAD01-Aleph</subfield>
          </datafield>
          <datafield tag="035" ind1=" " ind2=" ">
            <subfield code="a">(OCoLC)1123850333
</subfield>
          </datafield>
          <datafield tag="080" ind1=" " ind2=" ">
            <subfield code="a">091(=411.21)</subfield>
          </datafield>
          <datafield tag="080" ind1=" " ind2=" ">
            <subfield code="a">28</subfield>
          </datafield>
          <datafield tag="080" ind1=" " ind2=" ">
            <subfield code="a">348.9:28</subfield>
          </datafield>
          <datafield tag="100" ind1="1" ind2=" ">
            <subfield code="a">اَبُو عَبْدِ اللهِ مُحَمَّدْ بنْ مُحَمَّدِ الْفَخَارِ الجَذَامِي (sic)</subfield>
          </datafield>
          <datafield tag="245" ind1="1" ind2="0">
            <subfield code="a">تمشية على كتاب مختصر ابي الحسن علي الطليطلي (sic)</subfield>
            <subfield code="h">[Manuscrito]</subfield>
          </datafield>
          <datafield tag="260" ind1=" " ind2=" ">
            <subfield code="a">[S.l.],</subfield>
            <subfield code="c">[Sin fecha].</subfield>
          </datafield>
          <datafield tag="300" ind1=" " ind2=" ">
            <subfield code="a">219 ff. (1 col. 5 líns. ára. y 5 alj. en ff. 1-9, 22-54 y 79-102. 6 ára. y 6 alj. en ff. 57-78 y 103-124. 7 ára. y 7 alj. en ff. 10-21, 55-56 y 125-139. 7 ára. en ff-140-final) :</subfield>
            <subfield code="b">Papel tratado ;</subfield>
            <subfield code="c">21,2x15 cm (caja variable 14,5-16x11-11,5cm).</subfield>
          </datafield>
          <datafield tag="490" ind1="0" ind2=" ">
            <subfield code="a">Manuscripta</subfield>
          </datafield>
          <datafield tag="500" ind1=" " ind2=" ">
            <subfield code="a">Incipit: (بعد البسملة وتصلية) قَالَ اَلشَيْخُ الْفَقِيهُ الاُسْتَاذُ اَلْعَالِمُ اَلْعِلْمِ الزَاهِدُ اَلْوَرَعِ مِصْبَاحُ السَّنَّةِ ومُفْتِى الْاُمَةِ اَبُو عَبْدِ الله مُحَمَّدْ بَنْ مُحَمَّدْ الْفَخَارِ الْجَذَامِي</subfield>
          </datafield>
          <datafield tag="500" ind1=" " ind2=" ">
            <subfield code="a">Explicit: قال ولا يجوز ان تكرى الارض بشي مما يوكل ويشرب ولا بشي مما تنبت الارض الا الحطب والعود والصنذل والشجر ما لم فيه ثمرة.</subfield>
          </datafield>
          <datafield tag="500" ind1=" " ind2=" ">
            <subfield code="a">Copista: ايسى فج ذا احمد ا ذا عيشة</subfield>
          </datafield>
          <datafield tag="500" ind1=" " ind2=" ">
            <subfield code="a">Colofón: تَمت بحمد اله وحسن عونه فزل يسى فج ذا احمد ا ذا عيشه الله شا كن تذس. امين.</subfield>
          </datafield>
          <datafield tag="500" ind1=" " ind2=" ">
            <subfield code="a">Tinta negra y roja. Parte del texto vocalizado en rojo.</subfield>
          </datafield>
          <datafield tag="500" ind1=" " ind2=" ">
            <subfield code="a">Características especiales: Traducción aljamiada interlineal hasta el f. 139. A partir de ahí, traducción de algunas palabras.</subfield>
          </datafield>
          <datafield tag="500" ind1=" " ind2=" ">
            <subfield code="a">Ilustración: f. 0v: título dentro de dibujo, colores verde, rojo y amarillo.</subfield>
          </datafield>
          <datafield tag="500" ind1=" " ind2=" ">
            <subfield code="a">Ilustraciones: f. 0r: borradores de dibujos.</subfield>
          </datafield>
          <datafield tag="500" ind1=" " ind2=" ">
            <subfield code="a">Tipo de cuaderno: 19 cuadernos: 9 de 5 bifolios, 4 de 6 bifolios, 4 de 7 bifolios, y 2 de 6 bifolios + un folio.</subfield>
          </datafield>
          <datafield tag="500" ind1=" " ind2=" ">
            <subfield code="a">Deterioros generales: Enc. separada del volumen. Muchas líneas degradadas por tinta ferro-gálica. Galerías por insectos bibliófagos.</subfield>
          </datafield>
          <datafield tag="500" ind1=" " ind2=" ">
            <subfield code="a">H. en blanco: f.21r, f.196-final (23ff.)</subfield>
          </datafield>
          <datafield tag="500" ind1=" " ind2=" ">
            <subfield code="a">H. dañadas, mutiladas, sueltas: Suelta: 8. Remendada con papel: 11. Muchas dañadas por la tinta.</subfield>
          </datafield>
          <datafield tag="500" ind1=" " ind2=" ">
            <subfield code="a">H. faltan o añadidas: No.</subfield>
          </datafield>
          <datafield tag="500" ind1=" " ind2=" ">
            <subfield code="a">Foliación: Foliación moderna a lápiz en el centro izquierdo del recto del folio hasta el f. 196. No hay f. 166. El folio en el que empieza la obra no está numerado (f. 0).</subfield>
          </datafield>
          <datafield tag="500" ind1=" " ind2=" ">
            <subfield code="a">Reclamos: Reclamos de cuaderno.</subfield>
          </datafield>
          <datafield tag="500" ind1=" " ind2=" ">
            <subfield code="a">Signatura de cuaderno: No.</subfield>
          </datafield>
          <datafield tag="500" ind1=" " ind2=" ">
            <subfield code="a">Pautado: A punta seca. Distancia interlineal: 3,2-3,3 cm. de lín. árabe a lín. árabe; 1,4-1,6 cm. de lín. árabe a lín. aljamiada.</subfield>
          </datafield>
          <datafield tag="500" ind1=" " ind2=" ">
            <subfield code="a">Filigrana: No.</subfield>
          </datafield>
          <datafield tag="500" ind1=" " ind2=" ">
            <subfield code="a">Signatura antigua: Nº 14. Papel pegado en la tapa: “nº 89=222”. Papel pegado en el lomo: “14”. Tapa de la guarda: escrito con tinta: “14”. Pegatina en la última hoja: “nº 14”. Junta 14</subfield>
          </datafield>
          <datafield tag="500" ind1=" " ind2=" ">
            <subfield code="a">Anotaciones: Escasas anotaciones marginales. Verso de la primera guarda y recto de la segunda: copia posterior de un capítulo sobre la oración en lugar enlodado. En últimos folios en blanco: nota sobre el azaque de los metales preciosos.</subfield>
          </datafield>
          <datafield tag="510" ind1="3" ind2=" ">
            <subfield code="a">Descripción: J. Ribera y M. Asín (dirs.), Manuscritos árabes y aljamiados de la biblioteca de la Junta : noticia y extractos, Madrid: Junta para la ampliación de Estudios e Investigaciones Científicas, 1912, pp. 77-80.</subfield>
          </datafield>
          <datafield tag="510" ind1="4" ind2=" ">
            <subfield code="a">Bibliografía: J. Ribera y M. Asín (dirs.), Manuscritos árabes y aljamiados de la biblioteca de la Junta: noticia y extractos, Madrid: Junta para la ampliación de Estudios e Investigaciones Científicas, 1912, 77-80. -ʽAlī b. ʽIsà aṭ-Ṭulayṭulī, Muḥtaṣar, edición, tradución y estudio de MªJosé Cervera, Madrid: CSIC, AECI, 2000.</subfield>
          </datafield>
          <datafield tag="520" ind1=" " ind2=" ">
            <subfield code="a">Kitab mujtasar (sin el último capítulo, Bab al-istihlak), de Abu l-Hasan ,Ali al-Tulaytuli, identificado erróneamente en el inicio de la copia como el comentario a esta obra de Abu ,Abd Allah Muhammad b. Muhammad al-Fajar al-Yudami (obra contenida en el ms. RESC 31 de esta colección).</subfield>
          </datafield>
          <datafield tag="530" ind1=" " ind2=" ">
            <subfield code="a">Mª del P. Martínez Olmo, Colección de manuscritos árabes y aljamiados de la Biblioteca del Instituto de Filología del CSIC, Instituto de Filología CSIC, Madrid, 1998 (4 Cd-Rom), CD 2.</subfield>
          </datafield>
          <datafield tag="541" ind1=" " ind2=" ">
            <subfield code="a">Procedencia: Almonacid de la Sierra. Pablo Gil. Sección Árabe Centro de Estudios Históricos (JAE). Escuela de Estudios Árabes de Madrid. Instituto de Filología, CSIC.</subfield>
            <subfield code="d">Ingreso: Junio de 1910.</subfield>
          </datafield>
          <datafield tag="546" ind1=" " ind2=" ">
            <subfield code="a">Árabe y Aljamiado</subfield>
            <subfield code="b">con escritura magrebí.</subfield>
          </datafield>
          <datafield tag="563" ind1=" " ind2=" ">
            <subfield code="a">Enc. en piel blanda. Tapas despegadas.</subfield>
          </datafield>
          <datafield tag="595" ind1=" " ind2=" ">
            <subfield code="a">ʽAlī b. ʽIsà aṭ-Ṭulayṭulī, Muḥtaṣar, edición, tradución y estudio de MªJosé Cervera, Madrid: CSIC, AECI, 2000.</subfield>
          </datafield>
          <datafield tag="650" ind1=" " ind2="7">
            <subfield code="a">Manuscritos árabes.</subfield>
            <subfield code="2">CSICAU</subfield>
          </datafield>
          <datafield tag="650" ind1=" " ind2="7">
            <subfield code="a">Manuscritos aljamiados.</subfield>
            <subfield code="2">CSICAU</subfield>
          </datafield>
          <datafield tag="650" ind1=" " ind2="7">
            <subfield code="a">Malikíes.</subfield>
            <subfield code="2">CSICAU</subfield>
          </datafield>
          <datafield tag="650" ind1=" " ind2="7">
            <subfield code="a">Derecho islámico.</subfield>
            <subfield code="2">CSICAU</subfield>
          </datafield>
          <datafield tag="650" ind1=" " ind2="7">
            <subfield code="a">Islam.</subfield>
            <subfield code="2">CSICAU</subfield>
          </datafield>
          <datafield tag="700" ind1="1" ind2=" ">
            <subfield code="a">ايسى فج ذا احمد ا ذا عيشة</subfield>
          </datafield>
          <datafield tag="700" ind1="1" ind2=" ">
            <subfield code="a">Isà fijo de Aḥmad y de ʽAīša</subfield>
            <subfield code="e">copista</subfield>
          </datafield>
          <datafield tag="700" ind1="1" ind2=" ">
            <subfield code="a">Abū ʽAbd Allāh Muḥammad b. Muḥammad al-Fajār al-Ŷaḏāmī (sic)</subfield>
          </datafield>
          <datafield tag="700" ind1="1" ind2=" ">
            <subfield code="a">[Abū l-Ḥasan ʽAlī al-Ṭulayṭulī]</subfield>
          </datafield>
          <datafield tag="730" ind1="0" ind2=" ">
            <subfield code="a">[كتاب مختصر]</subfield>
          </datafield>
          <datafield tag="730" ind1="0" ind2=" ">
            <subfield code="a">[Kitāb mujtaṣar]</subfield>
          </datafield>
          <datafield tag="740" ind1="0" ind2=" ">
            <subfield code="a">Tamšiya ʽalà kitāb Abī al-Ḥasan ʽAlī al-Ṭulayṭulī (sic)</subfield>
          </datafield>
          <datafield tag="830" ind1=" " ind2="0">
            <subfield code="a">Manuscripta</subfield>
          </datafield>
          <datafield tag="856" ind1="4" ind2="1">
            <subfield code="u">http://aleph.csic.es/imagenes/mad01/0006_PMSC/P_001227516_650901_V00.pdf</subfield>
            <subfield code="z">Descargar Pdf completo (17M)</subfield>
            <subfield code="m">CSIC</subfield>
          </datafield>
          <datafield tag="856" ind1="4" ind2="1">
            <subfield code="u">http://aleph.csic.es/imagenes/mad01/0006_PMSC/html/001227516.html</subfield>
            <subfield code="z">Ver texto completo en Bookreader</subfield>
          </datafield>
          <datafield tag="856" ind1="4" ind2="1">
            <subfield code="u">http://simurg.csic.es/view/271294</subfield>
            <subfield code="z">Acceso a la versión digitalizada en Simurg</subfield>
          </datafield>
          <datafield tag="040" ind1=" " ind2=" ">
            <subfield code="a">ES-MaCSI</subfield>
            <subfield code="b">spa</subfield>
          </datafield>
        </record>
      </metadata>
    </record>