
    <record>
      <header>
        <identifier>oai:alma.34CSIC_INST:990012273800204201</identifier>
        <datestamp>2022-07-01T05:01:55Z</datestamp>
        <setSpec>manuscripta</setSpec>
        <setSpec>csic-bibliografico</setSpec>
      </header>
      <metadata>
        <record xmlns="http://www.loc.gov/MARC21/slim" xmlns:xsi="http://www.w3.org/2001/XMLSchema-instance" xsi:schemaLocation="http://www.loc.gov/MARC21/slim http://www.loc.gov/standards/marcxml/schema/MARC21slim.xsd">
          <leader>08841ntm a2200649 i 4500</leader>
          <controlfield tag="005">20220609123407.0</controlfield>
          <controlfield tag="008">100330s1462    sp            000 0 ara d</controlfield>
          <controlfield tag="001">990012273800204201</controlfield>
          <datafield tag="035" ind1=" " ind2=" ">
            <subfield code="a">CSIC001227380</subfield>
          </datafield>
          <datafield tag="035" ind1=" " ind2=" ">
            <subfield code="a">(ES-MaCSI)001227380MAD01-Aleph</subfield>
          </datafield>
          <datafield tag="035" ind1=" " ind2=" ">
            <subfield code="a">(OCoLC)1123888412
</subfield>
          </datafield>
          <datafield tag="080" ind1=" " ind2=" ">
            <subfield code="a">091(=411.21)</subfield>
          </datafield>
          <datafield tag="080" ind1=" " ind2=" ">
            <subfield code="a">28-282.7</subfield>
          </datafield>
          <datafield tag="080" ind1=" " ind2=" ">
            <subfield code="a">348.9:28</subfield>
          </datafield>
          <datafield tag="100" ind1="1" ind2=" ">
            <subfield code="a">Muftí de la aljama de Segovia, Iça de Gābir.</subfield>
          </datafield>
          <datafield tag="240" ind1="1" ind2="0">
            <subfield code="a">Breviario sunní.</subfield>
          </datafield>
          <datafield tag="245" ind1="1" ind2="0">
            <subfield code="a">"Memorial de los principales mandamientos y devedamientos de nuestra santa ley y çunna"</subfield>
            <subfield code="h">[Manuscrito]</subfield>
          </datafield>
          <datafield tag="260" ind1=" " ind2=" ">
            <subfield code="a">Mezquita de Segovia,</subfield>
            <subfield code="c">[s.a., S. XVI (Original de 1462)].</subfield>
          </datafield>
          <datafield tag="300" ind1=" " ind2=" ">
            <subfield code="a">218 ff. (Una col., 16 líneas por pág.) :</subfield>
            <subfield code="b">papel ;</subfield>
            <subfield code="c">22x17 cm (caja: 15x10 cm).</subfield>
          </datafield>
          <datafield tag="490" ind1="0" ind2=" ">
            <subfield code="a">Manuscripta</subfield>
          </datafield>
          <datafield tag="500" ind1=" " ind2=" ">
            <subfield code="a">Incipit: (بعد البسملة) َاشْتَا َاشْ اُنْمَامُرَيَلْذَا / لُشْبَّارَانْسِبَّلَاشْ مَنْدَ / مِيَانْتُشْ اِذَابَاذَمِيَانْتُشْ / ذَا نُوَاشْتَرَشَنْتَ لَايْ اِسُنَّ</subfield>
          </datafield>
          <datafield tag="500" ind1=" " ind2=" ">
            <subfield code="a">Explicit: َانْلَمَا / سْ كِذَ دَالَذِيجَّ سِبْذَد / ءَانَالَّنُّ دَا مِلْ اِكُوَتْرُسِيَانْتُسْ / اِشَاشَانْتَ اِذُشْ اَنُّشْ كُنْبَانْغَ // لُى ءَالْشُبَارَنُ اَشُشَنْتُ / شَارْبِسِيُ ءَامِينْ لِصِلِى / شُبْرَا مُحَمَّد ءَالُّنْرَّذُ</subfield>
          </datafield>
          <datafield tag="500" ind1=" " ind2=" ">
            <subfield code="a">Tinta marrón oscura y roja (para títulos y frases que se quieren resaltar). A estas se añaden el ocre y el verde para algunas decoraciones. Desde f. 77, solo tintas marrones.</subfield>
          </datafield>
          <datafield tag="500" ind1=" " ind2=" ">
            <subfield code="a">Copista: Desconocido.</subfield>
          </datafield>
          <datafield tag="500" ind1=" " ind2=" ">
            <subfield code="a">Colofón: «Cunpliose este libro* que á [por] nonbre Bebraryo [sic] çunní que con{n}sideró i cunplió el onrado y discreto Icasedīl, alfaqí y muftí mayor de los moros de castilla, alimam de los onrados alḥamaca [sic] de los moros de Segovia. Y él lo fizo i coligió en la meçquida de la dicha cibdad [de Segovia] en el año de [m]il i cuatrocientos y sesenta i dos años.</subfield>
          </datafield>
          <datafield tag="500" ind1=" " ind2=" ">
            <subfield code="a">Ilustración: No.</subfield>
          </datafield>
          <datafield tag="500" ind1=" " ind2=" ">
            <subfield code="a">Ilustraciones: ‘Unwân con título. Palmetas enfrentadas y motivos geométricos y vegetales a modo de cenefas para diferenciar partes de texto y completar líneas de escritura. Tres puntos y calderones. Manecillas en el margen externo. Motivos circulares emulando los coránicos, más o menos complejos, con y sin policromía, en el margen exterior.</subfield>
          </datafield>
          <datafield tag="500" ind1=" " ind2=" ">
            <subfield code="a">Características especiales: En ocasiones se emplea un trazo más grueso para palabras o frases en árabe.</subfield>
          </datafield>
          <datafield tag="500" ind1=" " ind2=" ">
            <subfield code="a">Tipo de cuaderno: 21 cuaterniones, 3 sexternos y 1 de nueve bifolios.</subfield>
          </datafield>
          <datafield tag="500" ind1=" " ind2=" ">
            <subfield code="a">Deterioros: Gran mancha de humedad en el pliegue de los primeros cuadernos y en esquina superior externa. Galerías de insectos en primeros y últimos folios. En algunas hojas, la tinta metalogálica rompe el papel e imposibilita la buena lectura de algunos pasajes.</subfield>
          </datafield>
          <datafield tag="500" ind1=" " ind2=" ">
            <subfield code="a">H. en blanco: Ir-IIv, 216v-217v.</subfield>
          </datafield>
          <datafield tag="500" ind1=" " ind2=" ">
            <subfield code="a">H. dañadas, mutiladas, sueltas: Ninguna.</subfield>
          </datafield>
          <datafield tag="500" ind1=" " ind2=" ">
            <subfield code="a">H. faltan o añadidas: Ninguna.</subfield>
          </datafield>
          <datafield tag="500" ind1=" " ind2=" ">
            <subfield code="a">Foliación: Ff. 1-217. De época, a tinta, en la parte superior del margen derecho del vuelto. Repetición de f. 52 [=f. 52bis]. «1011» en vez de 111, «2010» en vez de 210, «2011» en vez de 211 y «2012» en vez de 212.</subfield>
          </datafield>
          <datafield tag="500" ind1=" " ind2=" ">
            <subfield code="a">Reclamos: En horizontal, en verso de último folio del cuaderno. No se conservan todos, probablemente por guillotinado.</subfield>
          </datafield>
          <datafield tag="500" ind1=" " ind2=" ">
            <subfield code="a">Signatura de cuaderno: No.</subfield>
          </datafield>
          <datafield tag="500" ind1=" " ind2=" ">
            <subfield code="a">Pautado: A punta seca. Difícil de apreciar.</subfield>
          </datafield>
          <datafield tag="500" ind1=" " ind2=" ">
            <subfield code="a">Filigrana: No identificable.</subfield>
          </datafield>
          <datafield tag="500" ind1=" " ind2=" ">
            <subfield code="a">Signatura antigua: Junta 1</subfield>
          </datafield>
          <datafield tag="500" ind1=" " ind2=" ">
            <subfield code="a">Anotaciones: Correcciones, inserciones de texto que falta, aclaraciones de la misma mano. En 32r, nota moderna a lápiz.</subfield>
          </datafield>
          <datafield tag="510" ind1="3" ind2=" ">
            <subfield code="a">Descripción: Julián Ribera y Miguel Asín, Manuscritos árabes y aljamiados de la Biblioteca de la Junta, Madrid, Junta para Ampliación de Estudios e Investigaciones Científicas, 1912, pp. 1-2.</subfield>
          </datafield>
          <datafield tag="510" ind1="4" ind2=" ">
            <subfield code="a">Bibliografía: D. Cabanelas Rodríguez, Juan de Segovia y el problema islámico, Madrid, Universidad, 1952. L. P. Harvey, “‘The Thirteen Articles of the faith’” and ‘The Twelve Degrees in which the World is governed’: Two Passages in a Sixteenth-century Morisco Manuscript and their Antecedents”, en F. W. Hodcroft et alii (eds.), Medieval and Renaissance Studies on Spain and Portugal in honour of P. E. Russell, Oxford, 1981, pp. 15-29. L. H. Harvey, Muslims in Spain, 1500-1614, Chicago, University Press, 2005. Ulli Roth y Reinhold Glei, “Die Spuren der lateinischen Koranübersetzung des Juan de Segovia –alte Probleme und ein neuer Fund”, Neulateinisches Jahrbuch, 11, 2009, pp. 109-154. G. A. Wiegers, “’Isà b. Jābir and the Origins of Aljamiado Literature”, Al-Qantara, XI, fasc. 1, 1990, pp. 155-191. G. A. Wiegers, Islamic Literature in Spanish and Aljamiado: Yça of Segovia (fl. 1450). His Antecedents and Successors, Leiden, Brill, 1994. Alfredo Mateos y Juan Carlos Villaverde (eds.), Memoria de los moriscos. Escritos y relatos de una diáspora cultural, Madrid, SECC, 2010, pp. 130-133 (reproducción, p. 131).</subfield>
          </datafield>
          <datafield tag="520" ind1=" " ind2=" ">
            <subfield code="a">Ff. 1v-217r. Breviario sunní.</subfield>
          </datafield>
          <datafield tag="530" ind1=" " ind2=" ">
            <subfield code="a">María Pilar Martínez Olmo, Colección de manuscritos árabes y aljamiados de la Biblioteca del Instituto de Filología del CSIC [recurso electrónico]: los manuscritos de la Junta, Madrid, CSIC, 1998, 4 Cd-Rom.</subfield>
          </datafield>
          <datafield tag="541" ind1=" " ind2=" ">
            <subfield code="a">Procedencia: Almonacid de la Sierra.</subfield>
            <subfield code="d">Ingreso: Junio de 1910.</subfield>
          </datafield>
          <datafield tag="546" ind1=" " ind2=" ">
            <subfield code="a">Aljamía y árabe</subfield>
            <subfield code="b">con escritura Magrebí</subfield>
          </datafield>
          <datafield tag="563" ind1=" " ind2=" ">
            <subfield code="a">No se conserva. Lomo con tres nudos sobre tira de cuero y dos cadenetas.</subfield>
          </datafield>
          <datafield tag="595" ind1=" " ind2=" ">
            <subfield code="a">Christina Köster, Die Al jamiado Handschrift J 1 de la Junta. Edition mit Sprachwissenschaftlichem Kommentar und Vergleich nebst Glossar unter Berücksichtigung von Ms. 2076 de la Biblioteca Nacional, Ratingen, tesis doctoral, Universidad de Tubinga, 1993. Pascual de Gayangos, “Suma de los mandamientos y devedamientos de la santa ley y sunna”, en Memorial histórico español V, 1853, pp. 247-417.</subfield>
          </datafield>
          <datafield tag="650" ind1=" " ind2="7">
            <subfield code="a">Breviarios</subfield>
            <subfield code="x">Sunníes.</subfield>
            <subfield code="2">CSICAU</subfield>
          </datafield>
          <datafield tag="650" ind1=" " ind2="7">
            <subfield code="a">Manuscritos árabes.</subfield>
            <subfield code="2">CSICAU</subfield>
          </datafield>
          <datafield tag="650" ind1=" " ind2="7">
            <subfield code="a">Manuscritos aljamiados.</subfield>
            <subfield code="2">CSICAU</subfield>
          </datafield>
          <datafield tag="650" ind1=" " ind2="7">
            <subfield code="a">Derecho islámico.</subfield>
            <subfield code="2">CSICAU</subfield>
          </datafield>
          <datafield tag="830" ind1=" " ind2="0">
            <subfield code="a">Manuscripta</subfield>
          </datafield>
          <datafield tag="856" ind1="4" ind2="1">
            <subfield code="u">http://aleph.csic.es/imagenes/mad01/0006_PMSC/P_001227380_650748_V00.pdf</subfield>
            <subfield code="z">Descargar Pdf completo (20M)</subfield>
            <subfield code="m">CSIC</subfield>
          </datafield>
          <datafield tag="856" ind1="4" ind2="1">
            <subfield code="u">http://aleph.csic.es/imagenes/mad01/0006_PMSC/html/001227380.html</subfield>
            <subfield code="z">Ver texto completo en Bookreader</subfield>
          </datafield>
          <datafield tag="856" ind1="4" ind2="1">
            <subfield code="u">http://simurg.csic.es/view/265857</subfield>
            <subfield code="z">Acceso a la versión digitalizada en Simurg</subfield>
          </datafield>
          <datafield tag="040" ind1=" " ind2=" ">
            <subfield code="a">ES-MaCSI</subfield>
            <subfield code="b">spa</subfield>
          </datafield>
        </record>
      </metadata>
    </record>