
    <record>
      <header>
        <identifier>oai:alma.34CSIC_INST:990012316480204201</identifier>
        <datestamp>2022-07-01T05:01:55Z</datestamp>
        <setSpec>manuscripta</setSpec>
        <setSpec>csic-bibliografico</setSpec>
      </header>
      <metadata>
        <record xmlns="http://www.loc.gov/MARC21/slim" xmlns:xsi="http://www.w3.org/2001/XMLSchema-instance" xsi:schemaLocation="http://www.loc.gov/MARC21/slim http://www.loc.gov/standards/marcxml/schema/MARC21slim.xsd">
          <leader>14936ntm a2200709 i 4500</leader>
          <controlfield tag="005">20220609123409.0</controlfield>
          <controlfield tag="008">100504q1700    xx            000 0 ara d</controlfield>
          <controlfield tag="001">990012316480204201</controlfield>
          <datafield tag="035" ind1=" " ind2=" ">
            <subfield code="a">CSIC001231648</subfield>
          </datafield>
          <datafield tag="035" ind1=" " ind2=" ">
            <subfield code="a">(ES-MaCSI)001231648MAD01-Aleph</subfield>
          </datafield>
          <datafield tag="035" ind1=" " ind2=" ">
            <subfield code="a">(OCoLC)1124022537</subfield>
          </datafield>
          <datafield tag="080" ind1=" " ind2=" ">
            <subfield code="a">091(=411.21)</subfield>
          </datafield>
          <datafield tag="080" ind1=" " ind2=" ">
            <subfield code="a">398.2(=411.21)</subfield>
          </datafield>
          <datafield tag="245" ind1="1" ind2="0">
            <subfield code="a">Sīrat al-Iskender</subfield>
            <subfield code="h">[Manuscrito]</subfield>
            <subfield code="b">: de Abū Ishāq Ibr. b. al-Mufarrig aṣ-Ṣūrī.</subfield>
          </datafield>
          <datafield tag="260" ind1=" " ind2=" ">
            <subfield code="a">S.l.,</subfield>
            <subfield code="c">s.a. [s. XVIII].</subfield>
          </datafield>
          <datafield tag="300" ind1=" " ind2=" ">
            <subfield code="a">2 fragmentos :</subfield>
            <subfield code="b">papel tratado ;</subfield>
            <subfield code="c">variable.</subfield>
          </datafield>
          <datafield tag="490" ind1="0" ind2=" ">
            <subfield code="a">Manuscripta</subfield>
          </datafield>
          <datafield tag="500" ind1=" " ind2=" ">
            <subfield code="a">Escuela de Estudios Árabes de Madrid. Signaturas antiguas: AEEA, Caja 25 (1ª Parte) y AEEA, Caja 25 (2ª Parte) -- RESC/1011 y RESC/1012</subfield>
          </datafield>
          <datafield tag="500" ind1=" " ind2=" ">
            <subfield code="a">Tintas negra y roja.</subfield>
          </datafield>
          <datafield tag="501" ind1=" " ind2=" ">
            <subfield code="a">[Fragmento 1]:</subfield>
          </datafield>
          <datafield tag="501" ind1=" " ind2=" ">
            <subfield code="a">Título.: كتاب فيه سيرة الاسكندر ابن داراب الرومي . Kitāb fī-hi sīrat al-Iskandar ibn Dārāb al-Rūmī. [Historia de Alejandro] / ابراهيم ابن مفرج الصوري . Ibrāhīm Ibn Mufarriŷ al-Ṣūrī. -- S.f. [s.XVIII]. -- 112 ff. (1 col. 27 líneas por pág.)</subfield>
          </datafield>
          <datafield tag="501" ind1=" " ind2=" ">
            <subfield code="a">[cont. Fragmento 1]:</subfield>
          </datafield>
          <datafield tag="501" ind1=" " ind2=" ">
            <subfield code="a">Incipit: (بعد البسملة) الحمد الله الجبار العظيم القهار الرحيم الستار الدي(sic) جل ان يحيط بالاوهام عز فلا يدرك ولا يضام المدعو بكل اللغات</subfield>
          </datafield>
          <datafield tag="501" ind1=" " ind2=" ">
            <subfield code="a">Explicit: ونصت لقوله ثم قال له قل ما عندك فانا ناصت لقولك فقال</subfield>
          </datafield>
          <datafield tag="501" ind1=" " ind2=" ">
            <subfield code="a">[cont. Fragmento 1]:</subfield>
          </datafield>
          <datafield tag="501" ind1=" " ind2=" ">
            <subfield code="a">Copista: Dos copistas desconocidos. A partir del f. 72r cambia la mano. -- Colofón: No consta. -- Características especiales: No. -- Ilustración: No. -- Ilustraciones: Algunos términos como qāla o qāla al-ṣūrī, escritos en tinta roja. -- Dimensiones: 25,8x17,6 cm. (caja variable: 11-12x19cm). -- Tipo de cuaderno: 10 cuadernos de cinco bifolios, excepto el primero y el último. -- Deterioros generales: En general, buen estado de conservación. Refuerzo exterior de piel en el lomo y la solapa, y refuerzo de papel en las tapas interiores. Algunos folios reforzados en los bordes. -- H. en blanco: Ninguno. -- H. dañadas, mutiladas, sueltas: Ninguno. -- H. faltan o añadidas: Ninguno. -- Foliación: Sin foliación original. Se ha foliado a lápiz en el margen izquierdo del recto. -- Reclamos: En todos los folios en tinta negra. -- Sign cuad: No. -- Pautado: No se percibe el pautado. Distancia interlineal regular: 7-8 mm. -- Filigrana: Papel sin filigrana. -- Signatura antigua: En caja de cartón negro, papel escrito en el lateral: caja 113. -Tejuelo en el lomo: 4-621 -f. 1r: 16 vol.1; 4-621; caja 113 de manuscritos; nº 2073 -Sello rojo de la Escuela de Estudios Árabes de Madrid. -AEEA, caja 25. -- Anotaciones: -f.1r: هذا تاريخ الاسكندر ابن داراب وما فيه من العجايب [Esta es la historia de Alejandro hijo de Darío y de todas las maravillas que hay en ella] -Anotaciones esporádicas en los márgenes, contemporáneas a la copia.</subfield>
          </datafield>
          <datafield tag="501" ind1=" " ind2=" ">
            <subfield code="a">[Fragmento 2]:</subfield>
          </datafield>
          <datafield tag="501" ind1=" " ind2=" ">
            <subfield code="a">Título: [كتاب فياه سيرة الاسكندر ابن داراب الرومي جزء الثاني[كتاب فيه سيرة الاسكندر ابن داراب الرومي]</subfield>
          </datafield>
          <datafield tag="501" ind1=" " ind2=" ">
            <subfield code="a">[Kitāb fī-hi sīrat al-Iskandar Ibn Dārāb al-Rūmī ŷuzʼ al-ṭānī]. [Historia de Alejandro. Parte II] / Abū Ishāq Ibr. b. al-Mufarrig aṣ-Ṣūrī. -- 129 ff. (1 col., variación en el número de líneas por página entre 27 y 33)</subfield>
          </datafield>
          <datafield tag="501" ind1=" " ind2=" ">
            <subfield code="a">[cont. Fragmento 2]:</subfield>
          </datafield>
          <datafield tag="501" ind1=" " ind2=" ">
            <subfield code="a">Incipit: له الحضر عليه الله اعلم ايّها الملك ان الملك المويد المنصور يقول لك قد اعذرناك واندرناك ومَا بقي لك علينا حجه واسلمت علي يدي وارتديت وكان عاقبتك</subfield>
          </datafield>
          <datafield tag="501" ind1=" " ind2=" ">
            <subfield code="a">Explicit: ومدُة ملكه اربعة وعشْرُونَ سنة وهذا ما انتَهَي اليْنَا من حَديْثْ الاسْكَنْدَر ابن داراب الرومي علي التمام والكمال وبالله المستعان وهو حبنا ونعم الوَكيل وصلي الله علي سيّدنا محمد وآله [ولماsic ] وصحبه وسلم.</subfield>
          </datafield>
          <datafield tag="501" ind1=" " ind2=" ">
            <subfield code="a">[cont. Fragmento 2]:</subfield>
          </datafield>
          <datafield tag="501" ind1=" " ind2=" ">
            <subfield code="a">Copista: Copistas (al menos dos) desconocidos. -- Colofón: No. -- Características especiales Ninguna. -- Ilustración: No. -- Ilustraciones: Algunos términos como qala escritos en tinta roja. -- Dimensiones 25,4x16,8 cm (caja: 18,7x12cm (variable en los folios añadidos 20,8x13,5cm). -- Tipo de cuaderno: Doce cuadernos de extensión variable (de cinco y diez bifolios). -- Deterioros generales: Buen estado de conservación general. Algunos folios han sido reparados con papel pegado en los bordes. La encuadernación moderna ha dejado el volumen demasiado tenso y es difícil abrirlo. -- H. en blanco: No. -- H. dañadas, mutiladas, sueltas: Algunos folios rotos. -- H. faltan o añadidas: Folios añadidos: f. 9, 17, 28, 40, 106, 108-129. -- Foliación: Sin foliación original. Ha sido foliado en el margen superior izquierdo del recto. -- Reclamos: En todos los folios en tinta negra. -- Sign. cuad.: No. -- Pautado: No se percibe el pautado. Espacio interlineal regular (8mm.), excepto en los folios añadidos. -- Filigrana: Papel sin filigrana. -- Signatura antigua: -En caja de cartón negro contenedora, papel escrito en el lateral: “caja 113”. -Tejuelo en el lomo “4-622”. -Pequeña pegatina en la contraportada, casi borrado, “nº 594”. -f. 1r: “nº 16 vol. II; 4-622 caja 113 de Ms.” -Sello rojo de la Escuela de Estudios Árabes de Madrid. -AEEA, caja 25. -- Anotaciones: Anotaciones muy esporádicas en los márgenes, contemporáneas a la copia. -Nota a lápiz en francés acerca del nombre del autor (en el verso de la primera hoja de guarda).</subfield>
          </datafield>
          <datafield tag="520" ind1="2" ind2=" ">
            <subfield code="a">[Fragmento 1]: Primera parte de la Sīrat al-Iskender de Abū Ishāq Ibr. b. al-Mufarrig aṣ-Ṣūrī (m. 900/1495) (GAL, S.II, 58).</subfield>
          </datafield>
          <datafield tag="520" ind1="2" ind2=" ">
            <subfield code="a">[Fragmento 2]: f.1r: هذا الكتاب الجزو الثاني تاريخ الملك الاسكندر[...] [Este libro es la segunda parte de la historia del rey Alejandro […]] -Segunda parte de: Sīrat al-Iskender de Abū Ishāq Ibr. b. al-Mufarrig aṣ-Ṣūrī (m.900/1495) (GAL, S.II, 58)</subfield>
          </datafield>
          <datafield tag="510" ind1="3" ind2=" ">
            <subfield code="a">Descripción: No. [Fragmento 1 y 2]</subfield>
          </datafield>
          <datafield tag="510" ind1="4" ind2=" ">
            <subfield code="a">Bibliografía: No. [Fragmento 1 y 2]</subfield>
          </datafield>
          <datafield tag="530" ind1=" " ind2=" ">
            <subfield code="a">No. [Fragmento 1 y 2]</subfield>
          </datafield>
          <datafield tag="541" ind1=" " ind2=" ">
            <subfield code="a">Procedencia: Ex-libris en la contraportada de Henri Moser Charlottenfels. -f.1r: [nota posterior a la copia] هذا التاريخ من كتب الحاج احمد الرباط [Esta historia es de los libros de al-Ḥaŷŷ Aḥmad al-Ribāṭ].</subfield>
            <subfield code="b">Ingreso: [¿Ministro Beigbeder, 1940?]. [Fragmento 1]</subfield>
          </datafield>
          <datafield tag="541" ind1=" " ind2=" ">
            <subfield code="a">Procedencia: Ex-libris en la contraportada de Henri Moser Charlottenfels. -f.1r: هذا الكتاب الجزؤ الثاني تاريخ الملك الاسكندر من ملك الفقيه الى الله الحاج محمد ديبوا الحبي القري ابن سالمى ابن الشيخ [...] [Este libro es la segunda parte de la historia del rey Alejandro, propiedad del alfaquí al-ḥaŷŷ Muḥammad Dībū al-Ḥubbī al-Qūrī b. Sālamā b. al-Šayj […]].</subfield>
            <subfield code="b">Ingreso: [¿Ministro Beigbeder, 1940?]. [Fragmento 2]</subfield>
          </datafield>
          <datafield tag="546" ind1=" " ind2=" ">
            <subfield code="a">Lengua Árabe</subfield>
            <subfield code="b">Escritura Nasjí. Oriental.</subfield>
          </datafield>
          <datafield tag="563" ind1=" " ind2=" ">
            <subfield code="a">Enc. que no es la original, en cartera de piel sobre cartón, con grabado en ambas portadas y en la solapa. Lomo reforzado con cuero granate, en el que hay un tejuelo moderno con la signatura: 4-621. En la contraportada quedan restos de un papel pegado escrito en árabe. [Fragmento 1]</subfield>
          </datafield>
          <datafield tag="563" ind1=" " ind2=" ">
            <subfield code="a">Enc. en cartera de cartón forrado moderno, con refuerzo exterior en el lomo y en la solapa. Papel moderno reutilizado que une la solapa y la portada al volumen. [Fragmento 2]</subfield>
          </datafield>
          <datafield tag="595" ind1=" " ind2=" ">
            <subfield code="a">No. [Fragmento 1 y 2]</subfield>
          </datafield>
          <datafield tag="650" ind1=" " ind2="7">
            <subfield code="a">Manuscritos árabes.</subfield>
            <subfield code="2">CSICAU</subfield>
          </datafield>
          <datafield tag="650" ind1=" " ind2="7">
            <subfield code="a">Arabe</subfield>
            <subfield code="v">Leyendas.</subfield>
            <subfield code="2">CSICAU</subfield>
          </datafield>
          <datafield tag="700" ind1="1" ind2=" ">
            <subfield code="a">ابراهيم ابن مفرج الصوري</subfield>
          </datafield>
          <datafield tag="700" ind1="1" ind2=" ">
            <subfield code="a">Ibrāhīm Ibn Mufarriŷ al-Ṣūrī</subfield>
          </datafield>
          <datafield tag="700" ind1="1" ind2=" ">
            <subfield code="a">Abū Ishāq Ibr. b. al-Mufarrig aṣ-Ṣūrī.</subfield>
          </datafield>
          <datafield tag="740" ind1="0" ind2=" ">
            <subfield code="a">كتاب فيه سيرة الاسكندر ابن داراب الرومي</subfield>
          </datafield>
          <datafield tag="740" ind1="0" ind2=" ">
            <subfield code="a">Kitāb fī-hi sīrat al-Iskandar ibn Dārāb al-Rūmī</subfield>
          </datafield>
          <datafield tag="740" ind1="0" ind2=" ">
            <subfield code="a">[Historia de Alejandro]</subfield>
          </datafield>
          <datafield tag="740" ind1="0" ind2=" ">
            <subfield code="a">[كتاب فياه سيرة الاسكندر ابن داراب الرومي جزء الثاني[كتاب فيه سيرة الاسكندر ابن داراب الرومي]</subfield>
          </datafield>
          <datafield tag="740" ind1="0" ind2=" ">
            <subfield code="a">[Kitāb fī-hi sīrat al-Iskandar Ibn Dārāb al-Rūmī ŷuzʼ al-ṭānī]</subfield>
          </datafield>
          <datafield tag="740" ind1="0" ind2=" ">
            <subfield code="a">[Historia de Alejandro. Parte II]</subfield>
          </datafield>
          <datafield tag="830" ind1=" " ind2="0">
            <subfield code="a">Manuscripta</subfield>
          </datafield>
          <datafield tag="856" ind1="4" ind2="1">
            <subfield code="u">http://aleph.csic.es/imagenes/mad01/0006_PMSC/P_001231648_658929_V00.pdf</subfield>
            <subfield code="z">Descargar Pdf completo (29M)</subfield>
            <subfield code="m">CSIC</subfield>
          </datafield>
          <datafield tag="856" ind1="4" ind2="1">
            <subfield code="u">http://aleph.csic.es/imagenes/mad01/0006_PMSC/P_001231648_658931_V00.pdf</subfield>
            <subfield code="z">Descargar Pdf completo (34M)</subfield>
            <subfield code="m">CSIC</subfield>
          </datafield>
          <datafield tag="856" ind1="4" ind2="1">
            <subfield code="u">http://aleph.csic.es/imagenes/mad01/0006_PMSC/html/001231648.html</subfield>
            <subfield code="z">Ver texto completo en Bookreader</subfield>
          </datafield>
          <datafield tag="856" ind1="4" ind2="1">
            <subfield code="u">http://simurg.csic.es/view/287397</subfield>
            <subfield code="z">Acceso a la versión digitalizada en Simurg</subfield>
          </datafield>
          <datafield tag="040" ind1=" " ind2=" ">
            <subfield code="a">ES-MaCSI</subfield>
            <subfield code="b">spa</subfield>
          </datafield>
        </record>
      </metadata>
    </record>