
    <record>
      <header>
        <identifier>oai:alma.34CSIC_INST:990012276810204201</identifier>
        <datestamp>2022-07-01T05:01:55Z</datestamp>
        <setSpec>manuscripta</setSpec>
        <setSpec>csic-bibliografico</setSpec>
      </header>
      <metadata>
        <record xmlns="http://www.loc.gov/MARC21/slim" xmlns:xsi="http://www.w3.org/2001/XMLSchema-instance" xsi:schemaLocation="http://www.loc.gov/MARC21/slim http://www.loc.gov/standards/marcxml/schema/MARC21slim.xsd">
          <leader>07870ntm a2200625 i 4500</leader>
          <controlfield tag="005">20220609123412.0</controlfield>
          <controlfield tag="008">100406q1500    sp            000 0 ara d</controlfield>
          <controlfield tag="001">990012276810204201</controlfield>
          <datafield tag="035" ind1=" " ind2=" ">
            <subfield code="a">CSIC001227681</subfield>
          </datafield>
          <datafield tag="035" ind1=" " ind2=" ">
            <subfield code="a">(ES-MaCSI)001227681MAD01-Aleph</subfield>
          </datafield>
          <datafield tag="035" ind1=" " ind2=" ">
            <subfield code="a">(OCoLC)1123799155
</subfield>
          </datafield>
          <datafield tag="080" ind1=" " ind2=" ">
            <subfield code="a">091(=411.21)</subfield>
          </datafield>
          <datafield tag="080" ind1=" " ind2=" ">
            <subfield code="a">28</subfield>
          </datafield>
          <datafield tag="240" ind1="1" ind2="0">
            <subfield code="a">Azoras coránicas</subfield>
          </datafield>
          <datafield tag="245" ind1="1" ind2="0">
            <subfield code="a">Azoras coránicas</subfield>
            <subfield code="h">[Manuscrito]</subfield>
          </datafield>
          <datafield tag="260" ind1=" " ind2=" ">
            <subfield code="a">[S.l.],</subfield>
            <subfield code="c">[s.a., S. XVI].</subfield>
          </datafield>
          <datafield tag="300" ind1=" " ind2=" ">
            <subfield code="a">122 ff. (Una col., 20 líneas por pág.) :</subfield>
            <subfield code="b">papel ;</subfield>
            <subfield code="c">25 x 18 cm (caja: 18,7 x 11,5 cm).</subfield>
          </datafield>
          <datafield tag="490" ind1="0" ind2=" ">
            <subfield code="a">Manuscripta</subfield>
          </datafield>
          <datafield tag="500" ind1=" " ind2=" ">
            <subfield code="a">Incipit: (بعد البسملة) خُّرُ اللهْ بُّرِالَلْقُرْلءَانْ ءَالْدَالْنُنْبَرَمِيَانْتُ كَلَرُ كَا ص وَالْقُرْآنِ ذِي الذِّكْرِ بَلْ</subfield>
          </datafield>
          <datafield tag="500" ind1=" " ind2=" ">
            <subfield code="a">Explicit: فَلا يَخَافُ عُقْبَاهَا رَنْ الْكَشْتِغُ كَا ذَا اللهْ عَزَّ وَجَلَّ لَاشْبُّذِيَ بَانِر يَالْكَامَتُ ءَالَنَاقَة شَالَّمَبَ قَدَارْ هِجُّ ذَا سَالِق</subfield>
          </datafield>
          <datafield tag="500" ind1=" " ind2=" ">
            <subfield code="a">Tinta negra y marrón oscuro para el ductus. Amarillo y rojo para pequeña decoración.</subfield>
          </datafield>
          <datafield tag="500" ind1=" " ind2=" ">
            <subfield code="a">Copista: Dos manos.</subfield>
          </datafield>
          <datafield tag="500" ind1=" " ind2=" ">
            <subfield code="a">Colofón: No.</subfield>
          </datafield>
          <datafield tag="500" ind1=" " ind2=" ">
            <subfield code="a">Características especiales: Panel rectangular vertical, en el margen externo de 1v, que abarca las aleyas que ahí se contienen. Florones vegetales en el margen externo e inferior, relacionados con este panel.</subfield>
          </datafield>
          <datafield tag="500" ind1=" " ind2=" ">
            <subfield code="a">Ilustración: ‘Unwân con título. Florón anómalo en el margen. Cenefas. Tres puntos en forma de pirámide. Manecillas.</subfield>
          </datafield>
          <datafield tag="500" ind1=" " ind2=" ">
            <subfield code="a">Ilustraciones: Dos círculos concéntricos; hā’ adornada.</subfield>
          </datafield>
          <datafield tag="500" ind1=" " ind2=" ">
            <subfield code="a">Tipo de cuaderno: Cuaternión, quiniones y sexternos.</subfield>
          </datafield>
          <datafield tag="500" ind1=" " ind2=" ">
            <subfield code="a">Deterioros: Cortes deteriorados por falta de encuadernación. Pequeñas manchas de humedad y fuego. Muy buen estado de conservación.</subfield>
          </datafield>
          <datafield tag="500" ind1=" " ind2=" ">
            <subfield code="a">H. en blanco: Dos hojas de guarda iniciales, 1r, 59v-64v, 72-76, 77r, 92v-101r, 117v-117v.</subfield>
          </datafield>
          <datafield tag="500" ind1=" " ind2=" ">
            <subfield code="a">H. dañadas, mutiladas, sueltas: Ninguna.</subfield>
          </datafield>
          <datafield tag="500" ind1=" " ind2=" ">
            <subfield code="a">H. faltan o añadidas: Ninguna.</subfield>
          </datafield>
          <datafield tag="500" ind1=" " ind2=" ">
            <subfield code="a">Foliación: 1-122. Moderna, a lápiz, en el margen superior externo del recto. Anteriormente, había una foliación también moderna y a lápiz tanto en el recto como en el verso (1-99, ahora tan solo en el verso), que presentaba un gran desorden y no contemplaba los folios en blanco.</subfield>
          </datafield>
          <datafield tag="500" ind1=" " ind2=" ">
            <subfield code="a">Reclamos: En horizontal, en margen inferior interno del verso del último folio del cuaderno.</subfield>
          </datafield>
          <datafield tag="500" ind1=" " ind2=" ">
            <subfield code="a">Sign. de cuaderno: A tinta negra, con números arábigos (1-11), en margen inferior derecho del recto del primero folio de cada cuaderno.</subfield>
          </datafield>
          <datafield tag="500" ind1=" " ind2=" ">
            <subfield code="a">Pautado: A punta seca en el verso.</subfield>
          </datafield>
          <datafield tag="500" ind1=" " ind2=" ">
            <subfield code="a">Filigrana: Diferentes filigranas circulares en las que se insertan lunas crecientes y distintas letras que se ven con dificultad.</subfield>
          </datafield>
          <datafield tag="500" ind1=" " ind2=" ">
            <subfield code="a">Signatura antigua: Junta 47</subfield>
          </datafield>
          <datafield tag="510" ind1="3" ind2=" ">
            <subfield code="a">Descripción: Julián Ribera y Miguel Asín, Manuscritos árabes y aljamiados de la Biblioteca de la Junta, Madrid, Junta para Ampliación de Estudios e Investigaciones Científicas, 1912, p. 177.</subfield>
          </datafield>
          <datafield tag="510" ind1="4" ind2=" ">
            <subfield code="a">Bibliografía: M. J. Hermosilla, “Una versión aljamiada del Corán, 58, 1-3”, Al-Qantara 4, 1983, pp. 423-427. M. J. Hermosilla, “Una versión aljamiada del Corán, 89, 6-8, sobre Iram, la de las columnas”, Al-Qantara 5, 1984, pp. 33-62. M. J. Hermosilla, “Corán 102, según el ms. J47”, Anuario de Filología, XII, 1986, pp. 37-44. M. J. Hermosilla, “Otra versión aljamiada de Corán, 90 (ms. J 47)”, en Homenaje a D. Cabanelas, O. F. M., con motivo de su LXX aniversario, vol. I, Granada, Universidad, 1987, pp. 19-27. M. J. Hermosilla, “Una versión aljamiada sobre Job”, Sharq al-Andalus, 8, 1991, pp. 211-214. M. J. Hermosilla, “Una traducción aljamiada de Corán 38, 34-6 y su original árabe”, Anaquel de Estudios Árabes 3, 1992, pp. 47-52. Consuelo López Morillas, “The Genealogy of the Spanish Qur’ān”, Journal of Islamic Studies, 17, 2006, pp. 255-294. Alfonso Carmona González, “Textos jurídico-religiosos islámicos de las épocas mudéjar y morisca”, Áreas: Revista de Ciencias Sociales, 14, 1992, pp. 13-26. María José Cervera Fras, Manuscritos moriscos aragoneses, Zaragoza, IEIOP, 2010 (reproducción, p. 41). Alfredo Mateos y Juan Carlos Villaverde (eds.), Memoria de los moriscos. Escritos y relatos de una diáspora cultural, Madrid, SECC, 2010, p. 146-148 (reproducción, p. 147). Consuelo López Morillas "The Genealogy of the Spanish Qur'an," Journal of Islamic Studies, 17 (2006), 255-94. Se cita en el Apéndice A, y en el texto. p. 260, 262, 265, 267, 289. Consuelo López Morillas “Lost and Found? Yça of Segovia and the Qur’an Among the Mudejars and Moriscos,” Journal of Islamic Studies, 10 (1999), 277-92. p. 281, 286, 287, 288.</subfield>
          </datafield>
          <datafield tag="510" ind1="4" ind2=" ">
            <subfield code="a">Cont. Bibliografía: Consuelo López Morillas "The Moriscos and Christian Doctrine," in Christians, Muslims, and Jews in Medieval and Early Modern Spain: Interaction and Cultural Change, ed. Meyerson, Mark, and Edward D. English (Notre Dame, IN: University of Notre Dame Press, 1999), 290-305. p. 300, 301</subfield>
          </datafield>
          <datafield tag="520" ind1="2" ind2=" ">
            <subfield code="a">Azoras coránicas con traducción interlineada.</subfield>
          </datafield>
          <datafield tag="530" ind1=" " ind2=" ">
            <subfield code="a">María Pilar Martínez Olmo, Colección de manuscritos árabes y aljamiados de la Biblioteca del Instituto de Filología del CSIC [recurso electrónico]: los manuscritos de la Junta, Madrid, CSIC, 1998, 4 Cd-Rom.</subfield>
          </datafield>
          <datafield tag="541" ind1=" " ind2=" ">
            <subfield code="a">Procedencia: Almonacid de la Sierra.</subfield>
            <subfield code="b">Ingreso: Junio de 1910.</subfield>
          </datafield>
          <datafield tag="546" ind1=" " ind2=" ">
            <subfield code="a">Aljamía y árabe</subfield>
            <subfield code="b">con escritura magrebí y seudocúfica para títulos de azoras.</subfield>
          </datafield>
          <datafield tag="563" ind1=" " ind2=" ">
            <subfield code="a">Inexistente.</subfield>
          </datafield>
          <datafield tag="594" ind1=" " ind2="1">
            <subfield code="a">Responsabilidad desconocida</subfield>
          </datafield>
          <datafield tag="630" ind1="0" ind2="7">
            <subfield code="a">Corán.</subfield>
            <subfield code="2">CSICAU</subfield>
          </datafield>
          <datafield tag="650" ind1=" " ind2="7">
            <subfield code="a">Manuscritos árabes.</subfield>
            <subfield code="2">CSICAU</subfield>
          </datafield>
          <datafield tag="650" ind1=" " ind2="7">
            <subfield code="a">Manuscritos aljamiados.</subfield>
            <subfield code="2">CSICAU</subfield>
          </datafield>
          <datafield tag="650" ind1=" " ind2="7">
            <subfield code="a">Islam.</subfield>
            <subfield code="2">CSICAU</subfield>
          </datafield>
          <datafield tag="830" ind1=" " ind2="0">
            <subfield code="a">Manuscripta</subfield>
          </datafield>
          <datafield tag="856" ind1="4" ind2="1">
            <subfield code="u">http://aleph.csic.es/imagenes/mad01/0006_PMSC/P_001227681_651234_V00.pdf</subfield>
            <subfield code="z">Descargar Pdf completo (11M)</subfield>
            <subfield code="m">CSIC</subfield>
          </datafield>
          <datafield tag="856" ind1="4" ind2="1">
            <subfield code="u">http://aleph.csic.es/imagenes/mad01/0006_PMSC/html/001227681.html</subfield>
            <subfield code="z">Ver texto completo en Bookreader</subfield>
          </datafield>
          <datafield tag="856" ind1="4" ind2="1">
            <subfield code="u">http://simurg.csic.es/view/281067</subfield>
            <subfield code="z">Acceso a la versión digitalizada en Simurg</subfield>
          </datafield>
          <datafield tag="040" ind1=" " ind2=" ">
            <subfield code="a">ES-MaCSI</subfield>
            <subfield code="b">spa</subfield>
          </datafield>
        </record>
      </metadata>
    </record>