
    <record>
      <header>
        <identifier>oai:alma.34CSIC_INST:990013495060204201</identifier>
        <datestamp>2022-07-01T05:01:55Z</datestamp>
        <setSpec>manuscripta</setSpec>
        <setSpec>csic-bibliografico</setSpec>
      </header>
      <metadata>
        <record xmlns="http://www.loc.gov/MARC21/slim" xmlns:xsi="http://www.w3.org/2001/XMLSchema-instance" xsi:schemaLocation="http://www.loc.gov/MARC21/slim http://www.loc.gov/standards/marcxml/schema/MARC21slim.xsd">
          <leader>10968ntm a2200733 i 4500</leader>
          <controlfield tag="005">20220609123410.0</controlfield>
          <controlfield tag="008">010824s1348749 sp            000 0 ara d</controlfield>
          <controlfield tag="001">990013495060204201</controlfield>
          <datafield tag="035" ind1=" " ind2=" ">
            <subfield code="a">CSIC001349506</subfield>
          </datafield>
          <datafield tag="035" ind1=" " ind2=" ">
            <subfield code="a">(ES-MaCSI)001349506MAD01-Aleph</subfield>
          </datafield>
          <datafield tag="035" ind1=" " ind2=" ">
            <subfield code="a">(OCoLC)1123737048</subfield>
          </datafield>
          <datafield tag="084" ind1=" " ind2=" ">
            <subfield code="a">FMH</subfield>
          </datafield>
          <datafield tag="100" ind1="1" ind2=" ">
            <subfield code="a">Ibn Luyūn, Saʽd b. Aḥmad</subfield>
            <subfield code="d">(1282 ó 3-1349 ó 50).</subfield>
          </datafield>
          <datafield tag="245" ind1="1" ind2="0">
            <subfield code="a">كِتَابُ إِبْدَإِ المَلَاحَهْ وَإِنْهَإِ الرِّجَاحَهْ فِي أُصُولِ صِنَاعَةِ الفِلاَحَهْ</subfield>
            <subfield code="h">[Manuscrito]</subfield>
            <subfield code="c">/ أبُو عُثْمن [sic] ابْن أبِى جعْفَر بن ليُون التجِيبِي.</subfield>
          </datafield>
          <datafield tag="260" ind1=" " ind2=" ">
            <subfield code="c">[1348] 749 de la Hégira.</subfield>
          </datafield>
          <datafield tag="300" ind1=" " ind2=" ">
            <subfield code="a">51 f. con guardas al principio y al final, más una nota en castellano antes de folio 1 ;</subfield>
            <subfield code="c">22 x 16 cm (caja: 15,5 x 10,5 cm).</subfield>
          </datafield>
          <datafield tag="490" ind1="0" ind2=" ">
            <subfield code="a">Manuscripta</subfield>
          </datafield>
          <datafield tag="546" ind1=" " ind2=" ">
            <subfield code="a">Arabe</subfield>
            <subfield code="b">Escritura magrebí</subfield>
          </datafield>
          <datafield tag="500" ind1=" " ind2=" ">
            <subfield code="a">Título transliterado: Kitāb ibdāʼ al-malāḥa wa-inhāʼ al-riŷāḥa fī uṣūl ṣināʽat al-filāḥa</subfield>
          </datafield>
          <datafield tag="500" ind1=" " ind2=" ">
            <subfield code="a">Distribución: 1 col. Tiene 15 líneas por página, excepto los folios 160v, 195v y 196r que tienen 16 líneas</subfield>
          </datafield>
          <datafield tag="500" ind1=" " ind2=" ">
            <subfield code="a">Material: Papel</subfield>
          </datafield>
          <datafield tag="500" ind1=" " ind2=" ">
            <subfield code="a">Tinta: Negra</subfield>
          </datafield>
          <datafield tag="500" ind1=" " ind2=" ">
            <subfield code="a">(بعد البسملة) قَالَ سَيِّدُنَا الشَيْخُ الفَقِيهُ الاسْتَاذُ العَلِم [sic] الأَوْحَد الشَّهيرُ الصَّدرُ الاكمَل الصَّالحُ أبُو عُثْمن [sic] ابْن الشَّيْخ الجَليل الفَاضل المبْرُور المرحُوم أبِى جعْفَر بن ليُون التجِيبِي رضِيَ الله عَنْه بمنه Incipit:‪</subfield>
          </datafield>
          <datafield tag="500" ind1=" " ind2=" ">
            <subfield code="a">‪Explicit: وَقَدْ تنَاهَى نظْم مَا قصَدت حَسَبَما رَجوْتَ واعْتَمدت وَالحمْد لله كثِيرا بالدَّوَامْ وَصلوَاتُه عَلى الرّسلِ الكرامْ</subfield>
          </datafield>
          <datafield tag="500" ind1=" " ind2=" ">
            <subfield code="a">Lugar de escritura: Almería</subfield>
          </datafield>
          <datafield tag="500" ind1=" " ind2=" ">
            <subfield code="a">Fecha completa: 1348 [20 rabīʽ al-ṯānī 749 / 18 julio 1348]</subfield>
          </datafield>
          <datafield tag="500" ind1=" " ind2=" ">
            <subfield code="a">Copista: No consta</subfield>
          </datafield>
          <datafield tag="500" ind1=" " ind2=" ">
            <subfield code="a">انتهَى نسْخَا والحَمْد لله تعلى بتَاريخ الوفى عشرين لشهر ربيع الثاني من عام تسعه واربعين وسبعمايه بمدينة المريَّه حرسها الله تعلى‭Colofón: [sic]</subfield>
          </datafield>
          <datafield tag="500" ind1=" " ind2=" ">
            <subfield code="a">Características especiales: Texto vocalizado parcialmente</subfield>
          </datafield>
          <datafield tag="500" ind1=" " ind2=" ">
            <subfield code="a">Ilustración: Gráficos que representan tipos de aparatos de medidas (5r-5v, 6r).</subfield>
          </datafield>
          <datafield tag="500" ind1=" " ind2=" ">
            <subfield code="a">Ilustraciones: Los epígrafes se marcan con tinta negra y un trazo mucho más alargado que el resto.</subfield>
          </datafield>
          <datafield tag="500" ind1=" " ind2=" ">
            <subfield code="a">Tipo de cuaderno: No es posible contar los cuadernos, porque se han desunido los folios y deshecho los cuadernos</subfield>
          </datafield>
          <datafield tag="500" ind1=" " ind2=" ">
            <subfield code="a">Deterioros: Restaurado anteriormente aunque la restauración no sea buena. Bordes de los folios muy deteriorados. Degradaciones de la tinta, manchas y exfoliaciones.</subfield>
          </datafield>
          <datafield tag="500" ind1=" " ind2=" ">
            <subfield code="a">H en blanco: No</subfield>
          </datafield>
          <datafield tag="500" ind1=" " ind2=" ">
            <subfield code="a">H dañadas, mutiladas, sueltas: H dañadas: Prácticamente todos los folios del volumen han sido guillotinados, y el folio 1, además está exfoliado.</subfield>
          </datafield>
          <datafield tag="500" ind1=" " ind2=" ">
            <subfield code="a">H faltan o añadidas: 2 H añadidas: Una nota en castellano al principio y un folio en árabe al final</subfield>
          </datafield>
          <datafield tag="500" ind1=" " ind2=" ">
            <subfield code="a">Foliación: Tiene tres foliaciones. Una de cifras hindis en el margen inferior izquierdo y las otras dos modernas a lápiz, aunque, una aparece en la esquina inferior derecha de los folios versos (casi inapreciable) y la otra en el margen superior izquierda tanto de los folios versos como rectos.</subfield>
          </datafield>
          <datafield tag="500" ind1=" " ind2=" ">
            <subfield code="a">Reclamos: Reclamos en tinta negra en el margen inferior izquierdo de algunos folios verso de una mano posterior a la del autor de la obra.</subfield>
          </datafield>
          <datafield tag="500" ind1=" " ind2=" ">
            <subfield code="a">Sign. cuad.: No</subfield>
          </datafield>
          <datafield tag="500" ind1=" " ind2=" ">
            <subfield code="a">Pautado: Inapreciable</subfield>
          </datafield>
          <datafield tag="500" ind1=" " ind2=" ">
            <subfield code="a">Filigrana: No se aprecia ninguna</subfield>
          </datafield>
          <datafield tag="563" ind1=" " ind2=" ">
            <subfield code="a">Encuadernación: Cartera con solapa de cierre en piel canela sobre cartón (sólo las tapas) teñida con gotas finas de óxido férrico. Señales de haber tenido unos cordones para la atadura. El lomo con paletas de hilo doble en oro, dividiéndolo en cuatro partes, una de ellas con tejuelo de piel roja para el título en castellano y en letras mayúsculas doradas “Abu Otman. Tratado de agricultura. Ms. Árabe 1348”.</subfield>
          </datafield>
          <datafield tag="541" ind1=" " ind2=" ">
            <subfield code="a">Procedencia: Universidad de Granada</subfield>
          </datafield>
          <datafield tag="541" ind1=" " ind2=" ">
            <subfield code="d">Ingreso: No consta</subfield>
          </datafield>
          <datafield tag="500" ind1=" " ind2=" ">
            <subfield code="a">Signatura antigua: VOL. XIV ; A-5-14 ; Caja B-32</subfield>
          </datafield>
          <datafield tag="500" ind1=" " ind2=" ">
            <subfield code="a">Anotaciones: Anotaciones marginales en tinta negra muy frecuentes en todo el volumen, algunas de ellas son de difícil lectura por estar recortadas o muy borrosas. Las anotaciones son de diversa índole: explicación de conceptos, datos bibliográficos, detalle de las operaciones indicadas someramente en el texto, topónimos, particularidades morfológicas, pronunciación defectuosa de los que confunden dos letras, origen de algunas palabras, etc. Además, al final del volumen hay un folio sin foliar con anotaciones.- Antiguo sello de la Biblioteca de la Universidad de Granada en algunos folios del volumen</subfield>
          </datafield>
          <datafield tag="581" ind1=" " ind2=" ">
            <subfield code="a">Descripción: Almagro y Cárdenas, A., Catálogo de los Manuscritos Árabes que se conservan en la Universidad de Granada, Granada, 1899, 9-10. - Eguaras Ibáñez, V. J., Ibn Luyūn: Tratado de Agricultura, Granada, 1975, 19-29. - Catálogo de la Exposición celebrada con motivo del cincuentenario: 1932-1982, Granada, 1982, 17. - Castillo Castillo, C., Manuscritos arábigos que se conservan en la Escuela de Estudios Árabes de Granada. En: Cuadernos de historia del Islam 11 (1984), 230-231. - Eguaras Ibáñez, V. J.: Ibn Luyūn: Tratado de Agricultura (2ª ed.), Granada, 1988, 35-49. - Manuscritos árabes y fondo antiguo de la Escuela de Estudios Árabes, Granada, 2007, 85-86.- Akef, W.; Almela Legorburu, I., Nueva lectura del capítulo 157 del tratado agrícola de Ibn Luyūn. En: Al-Qantara 42 (1) (2021)</subfield>
          </datafield>
          <datafield tag="530" ind1=" " ind2=" ">
            <subfield code="a">Otros soportes: No</subfield>
          </datafield>
          <datafield tag="581" ind1=" " ind2=" ">
            <subfield code="a">Edición: Eguaras Ibáñez, V.J.; Ibn Luyūn: Tratado de agricultura, Granada, 1975; (2ª ed. 1988)</subfield>
          </datafield>
          <datafield tag="510" ind1="4" ind2=" ">
            <subfield code="a">Catálogo de los Manuscritos Árabes que se conservan en la Universidad de Granada</subfield>
            <subfield code="c">p. 9-10</subfield>
          </datafield>
          <datafield tag="510" ind1="4" ind2=" ">
            <subfield code="a">Catálogo de la Exposición celebrada con motivo del cincuentenario: 1932-1982, Granada, 1982</subfield>
            <subfield code="c">p. 17</subfield>
          </datafield>
          <datafield tag="510" ind1="4" ind2=" ">
            <subfield code="a">Manuscritos arábigos que se conservan en la Escuela de Estudios Árabes de Granada</subfield>
            <subfield code="c">p. 230-231</subfield>
          </datafield>
          <datafield tag="510" ind1="4" ind2=" ">
            <subfield code="a">Ibn Luyūn: Tratado de agricultura (2ª ed.)</subfield>
            <subfield code="c">p.35-49</subfield>
          </datafield>
          <datafield tag="510" ind1="4" ind2=" ">
            <subfield code="a">Manuscritos árabes y fondo antiguo de la Escuela de Estudios Árabes</subfield>
            <subfield code="c">p. 85-86</subfield>
          </datafield>
          <datafield tag="510" ind1="4" ind2=" ">
            <subfield code="a">Nueva lectura del capítulo 157 del tratado agrícola de Ibn Luyūn</subfield>
          </datafield>
          <datafield tag="520" ind1="2" ind2=" ">
            <subfield code="a">Contenido: Nota manuscrita de Simonet describiendo el contenido de la obra.- Kitāb ibdāʼ al-malāḥa wa-inhāʼ al-riŷāḥa fī uṣūl ṣināʽat al-filāḥa</subfield>
          </datafield>
          <datafield tag="650" ind1=" " ind2="7">
            <subfield code="a">Agricultura</subfield>
            <subfield code="z">Al-Andalus</subfield>
            <subfield code="v">Manuscritos.</subfield>
            <subfield code="2">CSICAU</subfield>
          </datafield>
          <datafield tag="740" ind1="0" ind2=" ">
            <subfield code="a">Kitāb ibdāʼ al-malāḥa wa-inhāʼ al-riŷāḥa fī uṣūl ṣināʽat al-filāḥa</subfield>
          </datafield>
          <datafield tag="740" ind1="0" ind2=" ">
            <subfield code="a">Tratado de agricultura de Ibn Luyūn</subfield>
          </datafield>
          <datafield tag="830" ind1=" " ind2="0">
            <subfield code="a">Manuscripta</subfield>
          </datafield>
          <datafield tag="856" ind1="4" ind2="1">
            <subfield code="u">http://aleph.csic.es/imagenes/mad01/0006_PMSC/P_001349506_782405_V00.pdf</subfield>
            <subfield code="z">Descargar Pdf completo (37M)</subfield>
            <subfield code="m">CSIC</subfield>
          </datafield>
          <datafield tag="856" ind1="4" ind2="1">
            <subfield code="u">http://aleph.csic.es/imagenes/mad01/0006_PMSC/html/001349506.html</subfield>
            <subfield code="z">Ver texto completo en Bookreader</subfield>
          </datafield>
          <datafield tag="856" ind1="4" ind2="1">
            <subfield code="u">http://simurg.csic.es/view/292627</subfield>
            <subfield code="z">Acceso a la versión digitalizada en Simurg</subfield>
          </datafield>
          <datafield tag="040" ind1=" " ind2=" ">
            <subfield code="a">ES-MaCSI</subfield>
            <subfield code="b">spa</subfield>
          </datafield>
        </record>
      </metadata>
    </record>