
    <record>
      <header>
        <identifier>oai:alma.34CSIC_INST:990012316590204201</identifier>
        <datestamp>2022-07-01T05:01:55Z</datestamp>
        <setSpec>manuscripta</setSpec>
        <setSpec>csic-bibliografico</setSpec>
      </header>
      <metadata>
        <record xmlns="http://www.loc.gov/MARC21/slim" xmlns:xsi="http://www.w3.org/2001/XMLSchema-instance" xsi:schemaLocation="http://www.loc.gov/MARC21/slim http://www.loc.gov/standards/marcxml/schema/MARC21slim.xsd">
          <leader>07956ntm a2200661 i 4500</leader>
          <controlfield tag="005">20220609123410.0</controlfield>
          <controlfield tag="008">100504m18301246xx            000 0 ara d</controlfield>
          <controlfield tag="001">990012316590204201</controlfield>
          <datafield tag="035" ind1=" " ind2=" ">
            <subfield code="a">CSIC001231659</subfield>
          </datafield>
          <datafield tag="035" ind1=" " ind2=" ">
            <subfield code="a">(ES-MaCSI)001231659MAD01-Aleph</subfield>
          </datafield>
          <datafield tag="035" ind1=" " ind2=" ">
            <subfield code="a">(OCoLC)1123934902</subfield>
          </datafield>
          <datafield tag="080" ind1=" " ind2=" ">
            <subfield code="a">091(=411.21)</subfield>
          </datafield>
          <datafield tag="080" ind1=" " ind2=" ">
            <subfield code="a">28-587</subfield>
          </datafield>
          <datafield tag="080" ind1=" " ind2=" ">
            <subfield code="a">821.411.21-1</subfield>
          </datafield>
          <datafield tag="100" ind1="1" ind2=" ">
            <subfield code="a">محمد بن محمد الحراق الحسني العلمي</subfield>
          </datafield>
          <datafield tag="245" ind1="1" ind2="0">
            <subfield code="a">[Antología de Muḥammad al-Ḥarrāq]</subfield>
            <subfield code="h">[Manuscrito]</subfield>
          </datafield>
          <datafield tag="260" ind1=" " ind2=" ">
            <subfield code="a">[S.l.],</subfield>
            <subfield code="c">1830 [14 raŷab 1246/29 diciembre 1830].</subfield>
          </datafield>
          <datafield tag="300" ind1=" " ind2=" ">
            <subfield code="a">90 ff. y 5 de guardas. (ff.1-63 y 72-89: 1 col. 15 líneas por página. ff. 64-72: 2 cols. separadas por dos finas líneas rojas. 15 líneas por pág.) :</subfield>
            <subfield code="b">papel tratado ;</subfield>
            <subfield code="c">22,8x17,3 cm. (caja: 16,6x10,6-10,8 cm.).</subfield>
          </datafield>
          <datafield tag="490" ind1="0" ind2=" ">
            <subfield code="a">Manuscripta</subfield>
          </datafield>
          <datafield tag="500" ind1=" " ind2=" ">
            <subfield code="a">Escuela de Estudios Árabes de Madrid. Signatura antigua: AEEA, Caja 29</subfield>
          </datafield>
          <datafield tag="500" ind1=" " ind2=" ">
            <subfield code="a">Tinta negra, roja y azul en el texto. ;</subfield>
          </datafield>
          <datafield tag="500" ind1=" " ind2=" ">
            <subfield code="a">Incipit: [بسملة وتصلية] قال الشيخ الامام العلامة العام سيدي محمد الحراق رحمه الله. نحمدك اللهم على ان شرحت بانوار معرفتك افرة وصرودا.</subfield>
          </datafield>
          <datafield tag="500" ind1=" " ind2=" ">
            <subfield code="a">Explicit: وكَادَ يغضى سَقَمَا.حتى ترقى وسمَا عن الخَيَال</subfield>
          </datafield>
          <datafield tag="500" ind1=" " ind2=" ">
            <subfield code="a">Copista: 1 copista desconocido.</subfield>
          </datafield>
          <datafield tag="500" ind1=" " ind2=" ">
            <subfield code="a">Colofón: نَجَزَ الديوَان المُبَرَك بحَمْدِ الله تَعَلَى ةحُسْن عوْنِهِ وتوفيقِهِ الجَمِيل وَبمنه والصَّلاَةُ وَالسَّلاَم على سَيدنا مُحَمدِ واله صَحْبه ولا حوب ولا ولا قُوة اِلَا بالله العلي العظيم.</subfield>
          </datafield>
          <datafield tag="500" ind1=" " ind2=" ">
            <subfield code="a">Características especiales: El tipo de escritura da al manuscrito una apariencia de texto persa, con los puntos diacríticos formando triángulos.</subfield>
          </datafield>
          <datafield tag="500" ind1=" " ind2=" ">
            <subfield code="a">Ilustración: Caja textual enmarcada por dos líneas finas azul y roja. Texto vocalizado en rojo. Algunas frases en rojo y azul.</subfield>
          </datafield>
          <datafield tag="500" ind1=" " ind2=" ">
            <subfield code="a">Ilustraciones: Ilustraciones f. 1v: Cenefa horizontal con motivos vegetales en verde, rojo, marrón, azul y dorado, con el comienzo del texto: قال الشيخ الامام العلامة العام سيدي محمد الحراق رحمه الله Medallón como prolongación marginal de la cenefa. f. 64v: encabezamiento de la segunda parte: cenefa horizontal en rojo, dorado, azul y verde con motivos vegetales, con un medallón como prolongación marginal, con texto en el interior: وله ايضا رضى الله عنه</subfield>
          </datafield>
          <datafield tag="500" ind1=" " ind2=" ">
            <subfield code="a">Tipo de cuaderno: Tipo de cuaderno 9 cuadernos de 5 bifolios.</subfield>
          </datafield>
          <datafield tag="500" ind1=" " ind2=" ">
            <subfield code="a">Deterioros generales: Buen estado general, algunas galerías por insectos en el papel y en la encuadernación.</subfield>
          </datafield>
          <datafield tag="500" ind1=" " ind2=" ">
            <subfield code="a">H. en blanco: 46 r.</subfield>
          </datafield>
          <datafield tag="500" ind1=" " ind2=" ">
            <subfield code="a">H. dañadas, mutiladas, sueltas: Galerías por insectos en todos los folios. Texto prácticamente intacto.</subfield>
          </datafield>
          <datafield tag="500" ind1=" " ind2=" ">
            <subfield code="a">H. faltan o añadidas: No.</subfield>
          </datafield>
          <datafield tag="500" ind1=" " ind2=" ">
            <subfield code="a">Foliación: 1-89. Se ha foliado a lápiz en el margen superior izquierdo del recto.</subfield>
          </datafield>
          <datafield tag="500" ind1=" " ind2=" ">
            <subfield code="a">Reclamos: En el verso de todos los folios.</subfield>
          </datafield>
          <datafield tag="500" ind1=" " ind2=" ">
            <subfield code="a">Sign cuad: No.</subfield>
          </datafield>
          <datafield tag="500" ind1=" " ind2=" ">
            <subfield code="a">Pautado: A punta seca. Distancia interlineal: 1,1-1,2 cm.</subfield>
          </datafield>
          <datafield tag="500" ind1=" " ind2=" ">
            <subfield code="a">Filigrana No.</subfield>
          </datafield>
          <datafield tag="500" ind1=" " ind2=" ">
            <subfield code="a">Anotaciones: 3ª hoja de guarda: a lápiz, “Diwán de Muḥammad ibn Muḥammad al-Ḥirāf al-Ḥasanī al- ʽIlmī. Fechado 1246 hégira. Letra magrebí”. -f. 4v: a lápiz: “محمد بن مجمد الحراف الحسنىّ العلمىّ Año 1246 de la hégira.” -f. 88v: sello azul de la Escuela de Estudios Árabes de Madrid. -Última hoja de guarda: “Donativo del ministro Beigbeder 2-3-1940” -En el margen superior izquierdo del recto de todos los folios: "اللهم صلى على سي</subfield>
          </datafield>
          <datafield tag="510" ind1="3" ind2=" ">
            <subfield code="a">Descripción: No.</subfield>
          </datafield>
          <datafield tag="510" ind1="4" ind2=" ">
            <subfield code="a">Bibliografía: No.</subfield>
          </datafield>
          <datafield tag="520" ind1=" " ind2=" ">
            <subfield code="a">Antología de textos de ʽAl. M. b. M. al-Ḥarrāq b. ʽAbdalwāḥid al-Ḥasanī (GAL, S. II, 881), dividida en dos partes: la primera contiene cartas (Rasāʼil) y la segunda, poemas (Diwān).</subfield>
          </datafield>
          <datafield tag="530" ind1=" " ind2=" ">
            <subfield code="a">Digitalizado</subfield>
          </datafield>
          <datafield tag="541" ind1=" " ind2=" ">
            <subfield code="a">Procedencia: Escuela de Estudios Árabes de Madrid. Donativo del ministro Beigbeder.</subfield>
            <subfield code="d">Ingreso: 2 de marzo de 1940.</subfield>
          </datafield>
          <datafield tag="546" ind1=" " ind2=" ">
            <subfield code="a">Árabe</subfield>
            <subfield code="b">con escritura magrebí</subfield>
          </datafield>
          <datafield tag="563" ind1=" " ind2=" ">
            <subfield code="a">En cartera de piel marrón sobre cartón. Grabada con cenefas geométricas y vegetales. Medallón en el centro de la portada y la contraportada en rojo y beige.</subfield>
          </datafield>
          <datafield tag="594" ind1=" " ind2="1">
            <subfield code="a">Tít. no consta.</subfield>
          </datafield>
          <datafield tag="595" ind1=" " ind2=" ">
            <subfield code="a">No.</subfield>
          </datafield>
          <datafield tag="650" ind1=" " ind2="7">
            <subfield code="a">Poesía árabe.</subfield>
            <subfield code="2">CSICAU</subfield>
          </datafield>
          <datafield tag="650" ind1=" " ind2="7">
            <subfield code="a">Epistolarios.</subfield>
            <subfield code="2">CSICAU</subfield>
          </datafield>
          <datafield tag="650" ind1=" " ind2="7">
            <subfield code="a">Sufismo.</subfield>
            <subfield code="2">CSICAU</subfield>
          </datafield>
          <datafield tag="650" ind1=" " ind2="7">
            <subfield code="a">Manuscritos árabes.</subfield>
            <subfield code="2">CSICAU</subfield>
          </datafield>
          <datafield tag="700" ind1="1" ind2=" ">
            <subfield code="a">Muḥammad b. Muḥammad al-Ḥarrāq al-Ḥasanī al- ʽAlamī</subfield>
          </datafield>
          <datafield tag="830" ind1=" " ind2="0">
            <subfield code="a">Manuscripta</subfield>
          </datafield>
          <datafield tag="856" ind1="4" ind2="1">
            <subfield code="u">http://aleph.csic.es/imagenes/mad01/0006_PMSC/P_001231659_658943_V00.pdf</subfield>
            <subfield code="z">Descargar Pdf completo (16M)</subfield>
            <subfield code="m">CSIC</subfield>
          </datafield>
          <datafield tag="856" ind1="4" ind2="1">
            <subfield code="u">http://aleph.csic.es/imagenes/mad01/0006_PMSC/html/001231659.html</subfield>
            <subfield code="z">Ver texto completo en Bookreader</subfield>
          </datafield>
          <datafield tag="856" ind1="4" ind2="1">
            <subfield code="u">http://simurg.csic.es/view/288213</subfield>
            <subfield code="z">Acceso a la versión digitalizada en Simurg</subfield>
          </datafield>
          <datafield tag="040" ind1=" " ind2=" ">
            <subfield code="a">ES-MaCSI</subfield>
            <subfield code="b">spa</subfield>
          </datafield>
        </record>
      </metadata>
    </record>