
    <record>
      <header>
        <identifier>oai:alma.34CSIC_INST:9917879000004201</identifier>
        <datestamp>2022-07-01T05:01:55Z</datestamp>
        <setSpec>manuscripta</setSpec>
        <setSpec>csic-bibliografico</setSpec>
      </header>
      <metadata>
        <record xmlns="http://www.loc.gov/MARC21/slim" xmlns:xsi="http://www.w3.org/2001/XMLSchema-instance" xsi:schemaLocation="http://www.loc.gov/MARC21/slim http://www.loc.gov/standards/marcxml/schema/MARC21slim.xsd">
          <leader>02611ntm a2200325 i 4500</leader>
          <controlfield tag="005">20220609115533.0</controlfield>
          <controlfield tag="008">101028m16001799sp            000 0 ara d</controlfield>
          <controlfield tag="001">9917879000004201</controlfield>
          <datafield tag="100" ind1="1" ind2=" ">
            <subfield code="a">Šarīšī , Aḥmad b. ʽAbd al-Muʼmin al-.</subfield>
          </datafield>
          <datafield tag="245" ind1="1" ind2="0">
            <subfield code="a">[Šarḥ Maqāmāt al-Ḥarīrī]</subfield>
            <subfield code="h">[‭Manuscrito]</subfield>
          </datafield>
          <datafield tag="260" ind1=" " ind2=" ">
            <subfield code="a">[S. l.],</subfield>
            <subfield code="c">[16..-17..?].</subfield>
          </datafield>
          <datafield tag="300" ind1=" " ind2=" ">
            <subfield code="a">1  f. ;</subfield>
            <subfield code="c">18 X 13,5 cm.</subfield>
          </datafield>
          <datafield tag="490" ind1="1" ind2=" ">
            <subfield code="a">Manuscripta</subfield>
          </datafield>
          <datafield tag="546" ind1=" " ind2=" ">
            <subfield code="a">Árabe</subfield>
            <subfield code="b">Escritura riq‘a oriental</subfield>
          </datafield>
          <datafield tag="500" ind1=" " ind2=" ">
            <subfield code="a">Incipit: ‫ وجنالا ما يجتني من فوائدها جنى طرى ينتغي يطلب ملح الحوار مليح الكلام والحوار مراجعة</subfield>
          </datafield>
          <datafield tag="500" ind1=" " ind2=" ">
            <subfield code="a">Explicit: على صديق ومولى لي فجعت به ما أن له في جميع الصالحين لمه</subfield>
          </datafield>
          <datafield tag="520" ind1=" " ind2=" ">
            <subfield code="a">Fragmento del capítulo dedicado al Magreb y al-Andalus</subfield>
          </datafield>
          <datafield tag="500" ind1=" " ind2=" ">
            <subfield code="a">Distribución: 1 col., 32 líneas</subfield>
          </datafield>
          <datafield tag="500" ind1=" " ind2=" ">
            <subfield code="a">Material: Papel</subfield>
          </datafield>
          <datafield tag="500" ind1=" " ind2=" ">
            <subfield code="a">Tinta: Negra y roja</subfield>
          </datafield>
          <datafield tag="500" ind1=" " ind2=" ">
            <subfield code="a">Verso y prosa</subfield>
          </datafield>
          <datafield tag="500" ind1=" " ind2=" ">
            <subfield code="a">La fecha probable de la copia podría situarse entre los siglos XVII-XVIII</subfield>
          </datafield>
          <datafield tag="541" ind1=" " ind2=" ">
            <subfield code="a">Procedencia: desconocida</subfield>
          </datafield>
          <datafield tag="500" ind1=" " ind2=" ">
            <subfield code="a">Catalogación de María Dolores Rodríguez (UGR) y Amalia Zomeño (ILC, CSIC) en el marco del proyecto de investigación "La Granada nazarí en el siglo XV: microhistoria de una entidad islámica en Occidente" (FFI2016-79252-P), AEI/FEDER, EU, dirigido desde la Escuela de Estudios Árabes</subfield>
          </datafield>
          <datafield tag="588" ind1=" " ind2=" ">
            <subfield code="a">Se encontraba dentro de una carpeta con el título: Colección del "Marqués de Villaalegre" después "Eguílaz" y después "Díaz"</subfield>
          </datafield>
          <datafield tag="600" ind1="0" ind2="7">
            <subfield code="a">Ḥarīrī, al-</subfield>
            <subfield code="d">1054-1122</subfield>
            <subfield code="t">Maqāmāt</subfield>
            <subfield code="x">Crítica e interpretación</subfield>
            <subfield code="2">CSICAU</subfield>
          </datafield>
          <datafield tag="773" ind1="1" ind2=" ">
            <subfield code="w">9917876698104201</subfield>
            <subfield code="t">Documentos árabes</subfield>
            <subfield code="h">[Manuscrito]</subfield>
          </datafield>
          <datafield tag="830" ind1=" " ind2="0">
            <subfield code="a">Manuscripta</subfield>
          </datafield>
          <datafield tag="856" ind1="4" ind2="1">
            <subfield code="u">http://simurg.csic.es/view/1638046</subfield>
            <subfield code="z">Acceso a la versión digitalizada en Simurg</subfield>
          </datafield>
          <datafield tag="040" ind1=" " ind2=" ">
            <subfield code="a">ES-MaCSI</subfield>
            <subfield code="b">spa</subfield>
          </datafield>
        </record>
      </metadata>
    </record>