
    <record>
      <header>
        <identifier>oai:alma.34CSIC_INST:9917880799604201</identifier>
        <datestamp>2022-07-01T05:01:55Z</datestamp>
        <setSpec>manuscripta</setSpec>
        <setSpec>csic-bibliografico</setSpec>
      </header>
      <metadata>
        <record xmlns="http://www.loc.gov/MARC21/slim" xmlns:xsi="http://www.w3.org/2001/XMLSchema-instance" xsi:schemaLocation="http://www.loc.gov/MARC21/slim http://www.loc.gov/standards/marcxml/schema/MARC21slim.xsd">
          <leader>03183ntm a2200349 i 4500</leader>
          <controlfield tag="005">20220609115538.0</controlfield>
          <controlfield tag="008">101028s1855    mr            000 0 ara d</controlfield>
          <controlfield tag="001">9917880799604201</controlfield>
          <datafield tag="245" ind1="1" ind2="0">
            <subfield code="a">[Documento de compraventa]</subfield>
            <subfield code="h">[Manuscrito]</subfield>
          </datafield>
          <datafield tag="260" ind1=" " ind2=" ">
            <subfield code="a">[Tetuán (Marruecos)?],</subfield>
            <subfield code="c">[1855] 1272 de la Hégira.</subfield>
          </datafield>
          <datafield tag="300" ind1=" " ind2=" ">
            <subfield code="a">1  f. ;</subfield>
            <subfield code="c">21  x 13 cm.</subfield>
          </datafield>
          <datafield tag="490" ind1="1" ind2=" ">
            <subfield code="a">Manuscripta</subfield>
          </datafield>
          <datafield tag="500" ind1=" " ind2=" ">
            <subfield code="a">Incipit: ‫ الحمد لله اشترى السيد عبد الكريم بن عبد السلام بن علي الحزمي</subfield>
          </datafield>
          <datafield tag="500" ind1=" " ind2=" ">
            <subfield code="a">Explicit: ‏ ومائتين وألف الحق من محارث منه بحال وغيرهم صح به بتأريخه غير رب سبحانه</subfield>
          </datafield>
          <datafield tag="500" ind1=" " ind2=" ">
            <subfield code="a">Distribución: recto: 1 col., 18 líneas; verso: 1 col., 3 líneas.</subfield>
          </datafield>
          <datafield tag="500" ind1=" " ind2=" ">
            <subfield code="a">Se encontraba en una carpeta con el título Colección "Universidad"  y dentro de esta en una carpetilla donde pone Universidad B.</subfield>
          </datafield>
          <datafield tag="518" ind1=" " ind2=" ">
            <subfield code="a">2 rabī‘ I 1272 /12 noviembre 1855</subfield>
          </datafield>
          <datafield tag="520" ind1=" " ind2=" ">
            <subfield code="a">Contrato de compraventa de una tierra entre ‘Abd al-Karīm b. ‘Abd al-Salām b. ‘Alī al-Ḥazamī y ‘Abd al-Ŷalīl b. ‘Abd al-Karīm al-Jarrāz.El acta aparece firmada por dos notarios. 3 palabras en el margen derecho. En el verso se registra un pago.</subfield>
          </datafield>
          <datafield tag="525" ind1=" " ind2=" ">
            <subfield code="a">Al final de la carpeta 5 hay una carpetilla donde dice "Notas en contradas en el paquete "Universidad A" y que pueden ser útiles para la lectura de los documentos contenidos en este paquete". Contiene un folio y una cuartilla con traducción de dos documentos y otro folio con la transcripción del texto árabe de otro.</subfield>
          </datafield>
          <datafield tag="546" ind1=" " ind2=" ">
            <subfield code="a">Árabe</subfield>
            <subfield code="b">Escritura magrebí cursiva</subfield>
          </datafield>
          <datafield tag="500" ind1=" " ind2=" ">
            <subfield code="a">Material: Papel</subfield>
          </datafield>
          <datafield tag="500" ind1=" " ind2=" ">
            <subfield code="a">Tinta: Negra</subfield>
          </datafield>
          <datafield tag="541" ind1=" " ind2=" ">
            <subfield code="a">Procedencia: desconocida</subfield>
          </datafield>
          <datafield tag="500" ind1=" " ind2=" ">
            <subfield code="a">Catalogación de María Dolores Rodríguez (UGR) y Amalia Zomeño (ILC, CSIC) en el marco del proyecto de investigación "La Granada nazarí en el siglo XV: microhistoria de una entidad islámica en Occidente" (FFI2016-79252-P), AEI/FEDER, EU, dirigido desde la Escuela de Estudios Árabes</subfield>
          </datafield>
          <datafield tag="650" ind1=" " ind2="7">
            <subfield code="a">Contratos</subfield>
            <subfield code="y">18..</subfield>
            <subfield code="2">CSICAU</subfield>
          </datafield>
          <datafield tag="650" ind1=" " ind2="7">
            <subfield code="a">Documentos árabes</subfield>
            <subfield code="y">18..  CSICAUL</subfield>
          </datafield>
          <datafield tag="700" ind1="1" ind2=" ">
            <subfield code="a">Ḥazamī,  ‘Abd al-Karīm b. ‘Abd al-Salām b. ‘Alī al-</subfield>
          </datafield>
          <datafield tag="700" ind1="1" ind2=" ">
            <subfield code="a">Jarrāz,‘Abd al-Ŷalīl b. ‘Abd al-Karīm al-</subfield>
          </datafield>
          <datafield tag="773" ind1="1" ind2=" ">
            <subfield code="w">9917876698104201</subfield>
            <subfield code="t">Documentos árabes</subfield>
            <subfield code="h">[Manuscrito]</subfield>
          </datafield>
          <datafield tag="830" ind1=" " ind2="0">
            <subfield code="a">Manuscripta</subfield>
          </datafield>
          <datafield tag="856" ind1="4" ind2="1">
            <subfield code="u">http://simurg.csic.es/view/1638103</subfield>
            <subfield code="z">Acceso a la versión digitalizada en Simurg</subfield>
          </datafield>
          <datafield tag="040" ind1=" " ind2=" ">
            <subfield code="a">ES-MaCSI</subfield>
            <subfield code="b">spa</subfield>
          </datafield>
        </record>
      </metadata>
    </record>