
    <record>
      <header>
        <identifier>oai:alma.34CSIC_INST:9918268049304201</identifier>
        <datestamp>2022-07-01T05:01:55Z</datestamp>
        <setSpec>manuscripta</setSpec>
        <setSpec>csic-bibliografico</setSpec>
      </header>
      <metadata>
        <record xmlns="http://www.loc.gov/MARC21/slim" xmlns:xsi="http://www.w3.org/2001/XMLSchema-instance" xsi:schemaLocation="http://www.loc.gov/MARC21/slim http://www.loc.gov/standards/marcxml/schema/MARC21slim.xsd">
          <leader>01784ntm a2200313 i 4500</leader>
          <controlfield tag="005">20220628111238.0</controlfield>
          <controlfield tag="008">220210s1800    sp aa a       000 0 ara d</controlfield>
          <controlfield tag="001">9918268049304201</controlfield>
          <datafield tag="240" ind1="1" ind2="0">
            <subfield code="a">Jātim Umm Mūsà</subfield>
          </datafield>
          <datafield tag="242" ind1="1" ind2="0">
            <subfield code="a">Sello de la madre de Moisés</subfield>
          </datafield>
          <datafield tag="245" ind1="1" ind2="0">
            <subfield code="a">Rollo talismánico de África occidental [Manuscrito]</subfield>
          </datafield>
          <datafield tag="260" ind1=" " ind2=" ">
            <subfield code="a">[África occidental?],</subfield>
            <subfield code="c">[18..-19..?].</subfield>
          </datafield>
          <datafield tag="300" ind1=" " ind2=" ">
            <subfield code="a">1 rollo sobre bastidores ;</subfield>
            <subfield code="c">35 x 280 cm (funda 7 + 44 cm).</subfield>
          </datafield>
          <datafield tag="490" ind1="1" ind2=" ">
            <subfield code="a">Manuscripta</subfield>
          </datafield>
          <datafield tag="541" ind1=" " ind2=" ">
            <subfield code="a">Procedencia: Escuela de Estudios Árabes. Fue transferido a Camilo Álvarez de Morales y Ruiz-Matas para su custodia desde su etapa como director hasta su jubilación (1983-2013). El 4 de noviembre de 2021 lo transfiere a la Biblioteca de la EEA para su custodia (según consta en el Archivo de la EEA)</subfield>
          </datafield>
          <datafield tag="500" ind1=" " ind2=" ">
            <subfield code="a">Material: Papel</subfield>
          </datafield>
          <datafield tag="500" ind1=" " ind2=" ">
            <subfield code="a">Tinta negra y roja</subfield>
          </datafield>
          <datafield tag="500" ind1=" " ind2=" ">
            <subfield code="a">Título facticio</subfield>
          </datafield>
          <datafield tag="500" ind1=" " ind2=" ">
            <subfield code="a">Fecha aproximada deducida a partir de la filigrana con 3 medias lunas y marca: F. Palazzuoli (F=Fratrelli) y del estudio realizado por Constant Hamès (L'École des hautes études en sciences sociales EHESS) y Esther Fernández Medina (Investigadora independiente)</subfield>
          </datafield>
          <datafield tag="500" ind1=" " ind2=" ">
            <subfield code="a">Soporte: Papel</subfield>
          </datafield>
          <datafield tag="500" ind1=" " ind2=" ">
            <subfield code="a">Ilustración: cuadros con figuras geométricas, figurativas y caligráficas.</subfield>
          </datafield>
          <datafield tag="500" ind1=" " ind2=" ">
            <subfield code="a">Ilustraciones: Sí</subfield>
          </datafield>
          <datafield tag="500" ind1=" " ind2=" ">
            <subfield code="a">Filigrana: 3 medias lunas y marca: F. Palazzuoli (F=Fratrelli).</subfield>
          </datafield>
          <datafield tag="520" ind1=" " ind2=" ">
            <subfield code="a">Contenido: Rollo talismánico de África occidental. Título: Jātim Umm Mūsà [Sello de la madre de Moisés]</subfield>
          </datafield>
          <datafield tag="546" ind1=" " ind2=" ">
            <subfield code="a">Arabe</subfield>
            <subfield code="b">Escritura fulani</subfield>
          </datafield>
          <datafield tag="563" ind1=" " ind2=" ">
            <subfield code="a">Encuadernación: funda de color marrón</subfield>
          </datafield>
          <datafield tag="830" ind1=" " ind2="0">
            <subfield code="a">Manuscripta</subfield>
          </datafield>
          <datafield tag="856" ind1="4" ind2="1">
            <subfield code="u">http://simurg.csic.es/view/1720301</subfield>
            <subfield code="z">Acceso a la versión digitalizada en Simurg</subfield>
          </datafield>
          <datafield tag="040" ind1=" " ind2=" ">
            <subfield code="a">ES-MaCSI</subfield>
            <subfield code="b">spa</subfield>
          </datafield>
        </record>
      </metadata>
    </record>
  </ListRecords>
</OAI-PMH>
